3296 5210
319 455 376 512 148
720 447 1068 512 COMMENTARIVS.

316 626 344 680 p.
361 623 418 691 109.
455 609 488 662 In
501 608 628 679 hospites
641 609 806 679 plerumque
818 606 1000 679 φιλάνθρωποι
1014 608 1112 661 Cretes
1125 614 1214 672 erant,
1227 613 1300 660 teste
1314 601 1471 658 Heraclide

317 681 437 734 Pontico
449 679 486 734 iii.
500 679 526 735 6.
634 682 696 734 511.
714 683 952 744 Lapsuramque
968 681 1087 733 donum
1104 680 1224 731 subeas.
1264 675 1323 730 Cic.
1336 675 1373 728 de
1390 675 1472 728 Orat.

316 750 345 806 ii.
355 751 390 805 86
408 751 518 805 Drhnnt
534 751 609 804 enim
627 767 690 805 crem
708 757 819 804 cenaret
837 751 986 804 Crannone
1003 750 1036 802 in
1056 747 1201 802 Thessalia
1216 747 1377 800 Simonides
1392 743 1478 814 apud

316 823 446 892 Scopam,
457 821 644 892 fortunatum
661 820 801 875 hominem
818 826 846 874 et
863 820 989 886 nobilem,
1008 821 1200 888 cecinissetque
1216 819 1252 871 id
1264 833 1377 871 carnion
1396 813 1478 885 quod

316 893 349 946 in
372 909 436 946 eum
459 893 623 962 conlisisset,
648 893 680 945 in
708 908 763 961 quo
788 891 880 944 multa
906 890 1032 944 certandi
1057 903 1142 943 causa
1162 891 1312 958 poetarum
1338 903 1415 939 more
1439 887 1472 937 in

318 963 461 1016 Castorem
479 965 586 1032 scripta
604 968 632 1017 et
648 962 791 1017 Pollucem
800 961 929 1032 fuissent
947 959 1073 1028 (cannen
1091 959 1203 1014 uidetur
1220 976 1283 1013 esse
1301 956 1372 1012 illud
1390 955 1472 1010 nobi·

317 1031 456 1088 lissimum
479 1033 558 1088 cuius
576 1031 718 1102 relliquias
738 1031 861 1087 seruauit
881 1032 962 1086 Plato
981 1031 1010 1085 in
1030 1032 1185 1098 Protagora
1196 1026 1287 1099 *Audp'
1305 1028 1403 1097 ἀγαθὸν
1424 1026 1473 1096 μὲν

317 1103 434 1158 άλαθέως
444 1102 566 1175 γενέσθαι
586 1103 693 1158 Simon.
706 1104 739 1158 fr.
754 1115 768 1172 5
785 1103 888 1171 Bergk,
901 1102 935 1156 cf.
952 1101 1087 1156 Schneid.
1101 1101 1209 1155 Callim.
1225 1099 1252 1155 ii.
1265 1117 1292 1169 p.
1306 1099 1369 1167 224)
1384 1099 1473 1152 nimis

317 1175 403 1229 illum
423 1175 535 1228 sordide
553 1174 700 1228 Simonidi
715 1174 828 1241 dimise,
847 1190 875 1226 se
894 1172 1046 1226 dimidium
1067 1173 1127 1225 eius
1148 1173 1177 1224 ei
1190 1170 1267 1240 quod
1280 1173 1384 1240 pactus
1402 1172 1476 1222 esset

312 1249 369 1318 pro
381 1245 433 1298 illo
444 1247 569 1298 carmine
583 1245 740 1309 datumm5
757 1244 898 1313 reliquum
917 1262 935 1297 a
952 1245 1013 1297 suis
1029 1242 1201 1312 Tyndaridis
1217 1258 1287 1311 quos
1304 1257 1391 1309 aeque
1408 1240 1472 1293 lan-

316 1317 410 1370 dasset
416 1319 524 1385 peteret
534 1317 562 1368 si
571 1317 600 1368 ei
610 1315 761 1369 uideretur.
783 1314 887 1385 paullo
893 1317 961 1384 post
971 1314 1134 1383 esseferunt
1145 1314 1310 1366 nuntiatum
1318 1310 1472 1377 Simonidi,

318 1392 352 1440 ut
358 1386 505 1456 prodiret:
523 1387 639 1440 iuuenes
650 1391 727 1439 stare
742 1385 783 1439 ad
797 1387 916 1439 tunnam
928 1385 998 1438 dnos
1010 1384 1152 1453 quosdam,
1165 1385 1218 1453 qui
1227 1399 1291 1435 eum
1304 1385 1473 1452 magnopere

317 1463 481 1515 enecarent:
497 1458 652 1510 surremise
664 1457 748 1510 illum
762 1456 891 1526 prodmse
903 1455 1007 1509 uidisse
1019 1455 1164 1508 neminem.
1189 1453 1241 1507 lroc
1251 1454 1366 1507 interim
1378 1453 1473 1522 spatio

318 1528 448 1583 conclaue
457 1527 536 1582 illud
543 1528 594 1582 nbi
600 1528 766 1598 epularetur
772 1528 877 1597 Scopas
885 1526 1034 1580 comedim
1039 1544 1049 1583 :
1066 1543 1099 1578 ea
1108 1525 1195 1577 ruina
1204 1525 1298 1594 ipsum
1307 1527 1472 1593 oppressum

319 1615 383 1654 curn
395 1600 456 1652 suis
466 1601 614 1653 intenlise.
651 1597 763 1652 Eadem
776 1615 821 1668 ap.
834 1597 897 1651 Val.
912 1599 989 1651 Max.
1006 1595 1022 1650 i.
1038 1596 1062 1650 8.
1077 1607 1101 1663 7,
1116 1595 1236 1649 Phaedn
1250 1595 1287 1648 iv.
1300 1610 1315 1648 2
1320 1606 1333 1662 5
1348 1591 1470 1661 (Burni.)

320 1671 395 1724 Rem
414 1679 542 1724 narraret
563 1667 752 1724 Callimachus
777 1667 820 1736 (ir.
841 1681 872 1731 71
895 1666 1062 1735 Schneider)
1082 1683 1128 1735 ap.
1148 1665 1226 1720 Suid.
1245 1683 1266 1719 s.
1278 1682 1304 1720 u.
1324 1663 1472 1733 Σιμωνίδης.

314 1737 405 1794 Ὅπως
416 1741 541 1809 ἐτίμησάν
552 1761 580 1794 τε
592 1740 633 1792 καὶ
645 1739 777 1809 ἐφίλησαν
789 1740 813 1792 oi
826 1740 982 1807 Διόσκουροι
994 1738 1039 1790 τὸν
1050 1738 1191 1804 μελοποιὸν
1203 1735 1352 1805 Σιμωνίδην,
1365 1734 1473 1789 καὶπῶς

319 1809 472 1879 liliosum,
486 1810 642 1865 καλέσαντες
652 1810 702 1877 ἔξω
714 1813 761 1864 τοῦ
774 1808 909 1879 άνδρωνος,
922 1807 982 1862 ἔνθα
994 1806 1162 1874 κατόλισθεν,
1176 1806 1226 1876 ε’ρῶ
1238 1805 1377 1875 ἀλλαχόθι.
1399 1805 1473 1872 άξιον

321 1880 350 1934 δὲ
361 1880 426 1949 μηδὲ
438 1884 518 1934 ταῦτα
526 1882 691 1949 παραλιπεῖν.
724 1877 920 1952 ’Δκραγαντῖνος
933 1876 1212 1949 στρατηγδςῆνόνομο
1224 1879 1322 1946 Φοῖνιξ.
1359 1883 1472 1946 Συρακο-

321 1951 390 2005 σίοις
402 1951 431 2004 δὲ
444 1951 587 2019 ἐπολέμουν
599 1949 678 2005 οὗτοι·
709 1949 800 2005 ούκοῦν
816 1948 861 2003 lle
873 1951 887 2002 ό
900 1948 990 2017 Φοῖνιξ
1006 1946 1105 2002 διαλύει
1120 1949 1164 2002 τδν
1176 1949 1261 2018 τάφον
1272 1952 1319 2001 τοῦ
1332 1946 1473 2016 Σιμωνίδου

320 2022 391 2090 μάλα
404 2021 501 2088 όκηδῶς
513 2043 540 2075 τε
553 2022 594 2074 καί
606 2021 726 2077 ἀνοίκτως
739 2022 779 2074 καὶ
792 2021 820 2073 έκ
831 2025 882 2075 τῶν
897 2019 978 2074 λίθων
990 2020 1070 2074 τῶνδε
1082 2018 1203 2087 ἀνίστησι
1214 2017 1323 2088 πύργον·
1354 2018 1395 2070 καὶ
1407 2017 1473 2070 κατὰ

321 2095 414 2146 τοῦτον
426 2092 495 2144 ε’όλω
513 2090 528 2159 ἡ
546 2093 632 2147 πόλις·
663 2091 729 2145 ἔοικε
748 2091 776 2144 δέ
796 2091 837 2145 καὶ
856 2091 1025 2161 Καλλίμαχος
1043 2087 1144 2144 τούτοις
1162 2091 1309 2160 ὁμολογεῖν·
1336 2087 1473 2154 οἰκτίζεται

320 2165 385 2233 γοῦν
401 2163 431 2215 τδ
447 2161 563 2230 ἄθεσμον
579 2163 664 2235 ἔργον,
677 2163 717 2216 καλ
734 2162 845 2232 λέγοντά
862 2184 893 2232 γε
911 2161 988 2215 οἰκτδν
1000 2163 1014 2214 ὁ
1028 2163 1168 2227 Κυρηναῖος
1183 2160 1305 2228 πεποίηκε
1320 2160 1365 2212 τὸν
1375 2158 1475 2228 γλυκύν

321 2232 437 2301 ποιητήν·
457 2233 534 2287 Ούδέ
546 2233 579 2288 τά
614 2235 717 2303 μάμμα
728 2231 875 2300 Ἠιδέσθη
888 2233 922 2287 τδ
934 2232 1028 2302 λέγον
1039 2230 1064 2299 μ’
1077 2228 1474 2296 υἷαΛεωπρεπέοςΚεῖσθαι

322 2302 417 2372 Κήιον
434 2303 538 2392 όνδρα.
575 2255 629 2358 κάτ’
646 2304 724 2358 εἰπὼν
738 2301 792 2358 ἄττ’
805 2301 929 2372 ἐπιλέγει.
966 2299 1039 2355 Οὐδ’
1058 2301 1162 2370 ὑμέας,
1181 2300 1386 2370 Πολύδευκες,
1404 2299 1473 2353 ύπέ-

322 2395 443 2444 τρεσεν,
470 2395 497 2427 οι
526 2397 563 2444 με
592 2374 752 2442 μελάθρου
776 2373 960 2428 Μέλλοντος
989 2373 1115 2428 πίπτειν
1143 2373 1231 2427 ἐκτὸς
1256 2371 1369 2425 ἔθεσθέ
1396 2392 1474 2424 ποτε

324 2447 521 2514 Δαιτυμόνων
544 2443 604 2499 dno
627 2449 750 2513 μοῦνον,
772 2442 823 2497 ὅτε
848 2446 1021 2513 Κρανθννιος
1044 2440 1076 2497 αἵ
1098 2439 1299 2496 οῖ”Ωλισθεν
1317 2442 1475 2512 μεγάλους

322 2511 409 2572 οἰκος
427 2516 477 2569 ἐπὶ
495 2515 664 2583 Σκοπάδας,
682 2514 724 2570 sic
742 2514 818 2569 enim
838 2513 956 2569 correxit
976 2513 1129 2569 Bentleius
1166 2512 1275 2568 Similia
1294 2513 1330 2567 de
1350 2512 1475 2566 Pindaro

317 2587 472 2647 ,traduntur
489 2596 517 2641 et
536 2587 715 2641 Theramene
734 2587 794 2640 Ael.
815 2587 850 2640 V.
871 2586 907 2639 H.
922 2584 958 2639 ix.
972 2600 1015 2640 21.
1051 2588 1188 2640 domum.
1221 2583 1336 2653 Quintil.
1350 2583 1424 2638 xie.
1442 2598 1470 2636 11

323 2658 409 2712 tradit
422 2657 508 2711 fuisse
521 2674 655 2727 magnam
667 2656 740 2712 inter
758 2666 887 2711 auctores
905 2654 1112 2710 dissensionem
1130 2654 1294 2709 Pharsaliae
1307 2653 1389 2708 fuerit
1401 2654 1475 2708 haec

324 2729 426 2783 domus
443 2744 480 2782 an
495 2729 653 2782 Crannone.
690 2726 816 2796 Alciphr.
830 2726 921 2797 Epist.
934 2725 971 2782 iii.
985 2727 1020 2780 68
1034 2724 1141 2794 Μήποτε
1158 2727 1182 2778 οἱ
1200 2727 1315 2793 σωτῆρες
1327 2724 1423 2790 dooere,
1436 2725 1476 2780 ὡς

325 2798 473 2868 Σιμωνίδη
486 2799 536 2852 τδν
549 2797 746 2869 Λεωπρέπους
761 2802 814 2851 τοῦ
827 2797 1000 2865 Κρανωνίου
1017 2797 1193 2862 συμποσίου
1206 2795 1373 2863 ε’ξίηρπασαν;
1404 2807 1476 2850 ean-

326 2873 397 2935 guis
423 2873 542 2924 Aleuae
570 2870 679 2938 Scopas
707 2885 741 2923 ex
766 2868 958 2922 Aleuadarum
986 2867 1111 2927 familia:
1137 2867 1286 2936 Scopadae
1315 2869 1475 2934 Crannone,

325 2939 471 2996 Aleuadae
483 2939 597 2994 Larisae
606 2939 783 2994 habitabant.
807 2939 901 2994 Schol.
910 2938 1028 2992 Theocr.
1039 2937 1093 2993 xvi.
1102 2937 1136 3006 36
1150 2939 1181 2990 ol
1193 2937 1322 2992 Σκοπάδαι
1335 2939 1476 3006 Κρονώνιοι

324 3011 355 3062 τὸ
367 3010 449 3079 γένος.
480 3013 586 3080 Κρόνων
598 3009 626 3062 δὲ
644 3012 720 3066 πόλις
738 3009 890 3064 θεσσολίας
908 3007 968 3062 ὅθεν
986 3009 1087 3063 Σκόπας
1104 3011 1118 3061 ὁ
1137 3009 1282 3078 Κρανώνιος
1294 3007 1421 3077 Κρέοντος
1435 3009 1476 3062 καλ

324 3079 578 3148 Ἐχεκροτείαςυίάς.
610 3080 650 3134 καὶ
663 3077 801 3146 Σιμωνίδης
813 3079 841 3133 έν
850 3077 966 3149 θρήνοις.
1006 3079 1087 3133 idem
1101 3079 1195 3133 Schol.
1208 3088 1236 3133 et
1251 3079 1382 3133 Clemens
1396 3079 1476 3133 Alex.

327 3151 430 3205 Strom.
444 3150 461 3203 i.
474 3167 502 3220 p.
515 3151 568 3219 389
587 3151 615 3204 S.
633 3150 747 3204 tradunt
767 3150 980 3231 Euphorionem
998 3150 1034 3204 de
1051 3149 1186 3204 Aleuadis
1205 3148 1374 3218 scripsisse3
1399 3149 1477 3203 unde

328 3220 489 3275 Meinekius
501 3221 583 3275 Anal.
596 3221 675 3275 Alex.
689 3238 716 3302 p.
729 3221 764 3274 66
777 3231 908 3290 opinatus
927 3231 970 3276 est
989 3220 1025 3274 ab
1039 3237 1074 3274 eo
1091 3220 1177 3274 etiam
1190 3220 1265 3274 hanc
1278 3219 1314 3274 de
1329 3219 1476 3274 Simonide

327 3301 440 3346 seruato
459 3290 584 3344 fabulam
601 3301 758 3361 exp0s1tam
773 3291 868 3346 fuisse.
904 3292 946 3346 Cf.
961 3293 1115 3345 Buttmann
1129 3291 1165 3345 de
1180 3289 1326 3359 Aleuadis,
1339 3290 1476 3344 Abhand·

327 3364 432 3430 lungen
455 3361 505 3416 der
527 3360 629 3415 Berlin.
652 3361 791 3415 Akadem.
809 3362 861 3416 der
878 3361 1122 3416 wissenschaften
1142 3378 1189 3430 pp.
1206 3375 1263 3430 194,
1279 3372 1301 3429 5.
1409 3363 1476 3414 512.

328 3436 425 3488 Stella
444 3432 655 3487 Dioscurorum.
691 3434 906 3498 Leoprepidae
925 3431 1086 3487 Simonides
1106 3431 1142 3485 de
1161 3449 1192 3485 se
1209 3431 1254 3485 bis
1276 3430 1344 3485 dicit
1363 3431 1396 3485 fr.
1418 3431 1477 3500 146,

330 3516 379 3570 147
394 3503 488 3572 Bergk
498 3500 712 3572 Ὀγδωκονταέτςι
724 3503 796 3556 παιδὶ
805 3503 978 3573 Λεωπρέπεος.
1050 3518 1150 3566 aequa
1161 3501 1291 3572 propitia.
1328 3503 1399 3556 uiro
1412 3519 1477 3556 cum

327 3577 541 3638 Leoprepidae
560 3572 741 3628 coniunctum
759 3573 847 3643 patris
860 3573 974 3628 laudem
990 3573 1067 3628 laudi
1085 3572 1133 3626 filii
1146 3571 1292 3638 adnectit;
1320 3572 1397 3642 quod
1416 3571 1478 3643 ipse

328 3647 433 3700 fecerat
455 3643 623 3700 Simonides.
654 3644 775 3714 Fuitque
796 3644 858 3714 ipse
878 3646 1038 3714 Leoprepes
1057 3643 1100 3697 uir
1118 3643 1247 3712 egregius
1265 3652 1296 3697 ut
1314 3660 1349 3698 ex
1367 3643 1478 3698 Aelian.

328 3718 362 3772 V.
378 3717 416 3770 H.
430 3715 465 3771 iv.
479 3730 513 3782 24
526 3725 652 3785 apparet.
689 3715 876 3785 ‘Leoprepes'
890 3715 1000 3770 famous
1013 3717 1082 3770 son!
1152 3717 1216 3768 513.
1235 3717 1373 3768 Euenus.
1406 3715 1477 3768 Plut.

329 3788 365 3842 de
379 3788 440 3842 Flu.
453 3785 510 3842 viii.
524 3788 591 3839 Λυκό
609 3807 657 3852 μος
674 3789 790 3855 ποταμός
804 3787 861 3840 έστι
876 3787 922 3854 τῆς
938 3783 1073 3840 Αἰτωλίας·
1091 3784 1278 3854 μετωνομάσθη
1297 3783 1320 3836 δ’
1337 3786 1434 3851 Εὔηνος
1446 3783 1478 3837 δι’

328 3859 411 3912 αἰτίαν
431 3854 558 3924 τοιαύτην.
594 3855 661 3923 Ιδος,
681 3858 695 3908 ὁ
715 3853 850 3926 Ἀφαρέως
870 3859 938 3921 παῖς,
960 3854 992 3909 δι’
1012 3855 1134 3925 ἐρωτικὴν
1155 3855 1289 3923 ἐπιθυμίαν
1310 3855 1480 3924 Μάρπησσαν

328 3929 449 4000 άρπόσας
455 3926 595 3998 ἀπήνεγκεν
604 3926 640 3982 εἰς
649 3930 798 3996 Πλευρῶνα.
819 3927 969 3996 κατηχηθείς
977 3927 1005 3980 δέ
1013 3928 1073 3992 περὶ
1080 3931 1131 3981 τῶν
1138 3927 1342 3993 συμβεβηκότων
1352 3927 1479 3994 ὁΕίίηνος,

329 3999 466 4056 ἐπεδίωκεν
485 3999 531 4051 τὸν
557 3997 698 4061 ἐπίβουλον
722 3999 767 4064 τῆς
794 3997 859 4052 ἰδίας
880 3998 1015 4068 θυγατρός·
1044 3999 1180 4069 γενόμενος
1206 3995 1234 4050 δέ
1257 3996 1319 4050 κατὰ
1343 3998 1479 4065 Λυκόρμαν

330 4071 371 4124 καὶ
389 4071 434 4137 τῆς
450 4065 611 4138 συλλήψεως
627 4067 782 4134 ἀπελπίσας,
799 4069 889 4121 ἑαυτὸν
906 4068 942 4123 εἰς
953 4069 1068 4136 ποταμόν
1079 4068 1182 4130 ἔβαλεν·
1201 4065 1229 4121 δς
1241 4063 1284 4120 ἀπ’
1293 4067 1372 4119 αὐτοῦ
1385 4066 1481 4136 Eirieus

330 4139 524 4208 μετωνομάσθη.
555 4137 665 4192 Similia
677 4154 720 4207 ap.
736 4139 808 4194 Plut.
823 4139 924 4194 Parall.
937 4139 964 4192 xl
981 4139 1028 4192 ubi
1047 4157 1082 4193 ex
1095 4137 1226 4193 Dosithei
1241 4136 1347 4193 Italicis
1367 4147 1480 4207 sumpta

331 4211 470 4279 dicuntur,
488 4208 620 4278 Apollod.
639 4208 656 4263 i.
676 4221 699 4274 7.
720 4209 744 4277 8,
765 4210 859 4264 Schol.
878 4210 950 4264 Ven.
971 4210 1004 4265 Il.
1022 4209 1058 4265 ix.
1080 4221 1138 4278 557,
1160 4209 1238 4264 Stob.
1261 4209 1336 4263 Flor.
1359 4222 1417 4263 100.
1440 4221 1478 4277 15.

332 4283 409 4350 Hyg.
422 4295 473 4347 242
486 4279 624 4336 Euhenus
636 4280 772 4333 Herculis
780 4281 866 4350 filius
878 4282 909 4333 in
917 4280 1030 4349 flumen
1042 4281 1209 4351 Lycormam
1226 4297 1254 4333 se
1266 4280 1480 4350 praecapitauit.

331 4353 398 4405 514.
412 4355 587 4406 Tiberinus.
608 4349 668 4406 Liu.
679 4349 694 4404 i.
707 4365 722 4418 3
733 4350 835 4421 Capeto
848 4352 875 4405 T
872 4352 995 4404 iben'nus
1006 4352 1022 4420 (
1022 4357 1101 4405 ortus
1101 4349 1117 4420 )
1125 4353 1178 4421 qui
1187 4353 1218 4404 in
1231 4352 1350 4404 traiectu
1358 4350 1483 4404 Albulae

331 4423 426 4475 amnis
436 4421 718 4487 summersussscelebre
728 4421 769 4476 ad
773 4425 900 4492 posteros
911 4438 1010 4476 nomen
1012 4422 1138 4491 flumini
1146 4422 1228 4476 dedit.
1248 4422 1381 4491 Excerpt.
1395 4420 1482 4477 Diod.

332 4491 369 4548 vii
390 4490 533 4557 (Schoenii
555 4493 658 4547 Chron.
677 4492 781 4546 Euseb.
796 4491 814 4547 i.
832 4509 859 4562 p.
873 4492 937 4562 287)
960 4493 1088 4546 Tiben'us
1105 4494 1220 4546 Siluius
1237 4508 1305 4545 uero
1317 4493 1402 4545 annis
1413 4497 1478 4545 octo.

331 4563 392 4618 Hic
404 4561 541 4616 aduersus
557 4563 678 4632 Tymnos
694 4565 845 4618 exercitum
864 4580 985 4634 mouens,
996 4581 1060 4619 cum
1073 4568 1130 4635 pen
1140 4564 1245 4618 Albam
1260 4580 1371 4617 amnem
1388 4565 1483 4632 coptos
