3312 5200
309 415 366 470 120
701 411 1048 475 COMMENTARIVS.

305 566 357 621 hoc
366 585 395 622 se
402 569 488 638 patre
498 568 605 623 censeri
614 569 695 624 iubet.
862 571 931 625 299.
950 571 1070 623 Achaei
1084 567 1182 636 Polyb.
1194 565 1251 620 viii.
1265 581 1298 620 22
1309 563 1417 636 Ἀχαιὸς
1430 561 1459 632 ἦν

310 639 481 710 Ανδρομάχου
499 640 546 707 μὲν
563 641 617 695 υίὸς
632 644 678 694 τοῦ
692 639 816 707 Λαοδίκης
832 639 960 709 ἀδελφοῦ,
972 641 1018 706 τῆς
1033 638 1160 692 Σελεύκου
1176 641 1304 707 γυναικός·
1333 639 1414 708 ἔγημε
1431 638 1458 690 δὲ

305 709 432 776 Λαοδίκην
448 710 494 777 τὴν
513 711 671 780 Μιθριδάτου
692 715 738 764 τοῦ
759 712 891 774 βασιλέως
912 710 1049 779 θυγατέρα,
1068 709 1152 778 κύριος
1170 709 1199 761 δὲ
1220 710 1332 779 ἐγεγόνει
1352 713 1398 774 τῆς
1417 709 1458 761 ε’πὶ

305 780 366 833 τάδε
384 783 431 832 τοῦ
449 780 548 848 Ταύρου
567 782 661 848 πάσης.
699 780 756 834 Hic
778 798 843 835 curn
863 781 892 835 in
912 780 1049 835 Sardibus
1068 779 1115 834 ubi
1135 797 1187 849 pro
1206 796 1273 848 rege
1293 779 1398 847 agebat
1422 779 1458 832 ab

305 851 449 905 Antiocho
470 854 585 920 Magno,
605 869 622 906 a
641 869 697 922 quo
716 851 883 920 desciuerat,
902 851 1085 920 obsideretur,
1103 851 1202 904 fraude
1219 849 1328 903 Bolidis
1348 859 1458 919 captus,

306 921 441 975 mutilatis
466 922 610 991 membris,
629 932 776 992 amputato
801 923 902 992 capite,
921 932 949 976 et
973 923 1003 975 in
1028 921 1100 975 asini
1124 921 1230 974 corium
1256 920 1359 988 insuto,
1382 919 1457 973 cruci

306 992 421 1046 suffixus
434 1002 477 1046 est
491 1005 517 1046 Β.
526 1005 553 1047 c.
566 1008 625 1059 214.
778 996 849 1048 300.
868 997 1013 1048 aurifera.
1028 991 1135 1046 Pactoli
1149 991 1196 1061 qui
1210 991 1314 1045 Sardes
1328 991 1458 1060 praefluit

308 1064 349 1116 M.
358 1061 393 1116 xi.
404 1063 446 1131 87,
458 1064 544 1133 Soph.
556 1065 626 1118 Phil.
640 1079 691 1132 392
705 1065 847 1117 Πακτωλὸν
859 1066 996 1133 εὕχρυσον.
1026 1066 1178 1128 pependit
1190 1071 1219 1115 ut
1232 1078 1408 1125 suspensus
1421 1061 1458 1115 ad

306 1149 419 1186 crucem
437 1134 563 1188 refertur.
601 1135 699 1203 Polyb.
712 1133 769 1189 viii.
781 1149 796 1187 2
800 1133 920 1202 3Ἐδοξε
935 1130 958 1187 δ’
974 1131 1019 1187 οὖν
1030 1139 1133 1200 πρῶτον
1144 1133 1191 1201 μὲν
1203 1133 1395 1202 άκρωτηριάσαι
1414 1134 1459 1184 τὸν

305 1205 478 1274 ταλαίπωρον,
491 1206 554 1273 μετὰ
567 1204 594 1258 δὲ
611 1209 691 1259 ταῦτα
706 1206 753 1272 τὴν
764 1205 880 1274 κεφαλὴν
894 1205 1069 1272 ἀποτεμόντας
1085 1204 1164 1256 αὐτοῦ
1183 1203 1224 1255 καὶ
1240 1201 1459 1273 καταῤῥάψαντας

306 1274 341 1328 είς
357 1273 439 1327 ὄνειον
456 1275 537 1328 άσκδν
555 1275 754 1343 ἀνασταυρῶσαι
769 1277 798 1327 τὸ
817 1280 900 1341 σῶμα.
937 1277 1084 1329 301-304.
1104 1275 1226 1343 Pyrrhos
1243 1273 1324 1340 duos,
1338 1274 1458 1327 alterum

306 1361 403 1413 regern
420 1345 508 1414 Epiri,
526 1347 645 1400 alterum
664 1346 751 1400 filium
768 1346 894 1414 Achillis,
910 1355 940 1400 ut
959 1345 1006 1399 hic
1026 1344 1146 1400 Ouidius
1165 1343 1316 1411 coniunxit,
1333 1343 1374 1397 sic
1392 1353 1458 1412 post

306 1433 372 1470 eum
392 1416 547 1471 Pausanias
562 1419 584 1472 Ι.
601 1431 671 1486 13.9
689 1422 780 1484 θαῦμα
798 1416 826 1470 δὲ
842 1420 963 1484 ποιοῦμαι
982 1422 1033 1470 τῶν
1049 1415 1211 1481 καλουμένων
1229 1414 1355 1467 Αἰακιδῶν
1372 1416 1458 1468 αὐτοῖς

306 1488 370 1539 κατὰ
382 1488 414 1540 τά
426 1488 490 1540 αὐτὰ
507 1488 535 1539 ἐκ
551 1491 597 1540 τοῦ
606 1489 665 1542 θεοῦ
677 1489 807 1555 συμβῆναι
817 1488 863 1553 τὴν
881 1487 1009 1555 τελευτήν.
1022 1483 1076 1557 εἴγε
1088 1485 1213 1572 Ἀχιλλέα
1224 1483 1395 1554 μέν”Ομηρος
1408 1486 1458 1538 ὑπὸ

305 1555 480 1625 Ἀλεξάνδρου
504 1559 572 1627 φησί
594 1561 640 1611 τοῦ
661 1559 779 1627 Πριάμου
802 1561 842 1611 καὶ
862 1557 1030 1612 ’Λπόλλωνος
1050 1557 1205 1610 ἀπολεσθαι·
1233 1554 1339 1624 Hippou
1364 1556 1392 1608 δὲ
1413 1557 1459 1608 τὸν

306 1624 449 1698 Ἀχιλλέως
461 1628 475 1696 ἡ
488 1629 575 1682 Πυθία
585 1628 746 1696 προσέταξεν
758 1628 903 1682 ἀποκτείναι
915 1630 1040 1697 Δελφοῖς·
1053 1649 1089 1698 τῳ
1102 1627 1129 1680 δε
1143 1627 1263 1679 Αιακιδου
1276 1626 1374 1688 συνέβη
1386 1627 1419 1678 τά
1431 1626 1458 1680 ἐς

305 1700 352 1763 τὴν
363 1699 484 1766 τελευτὴν
498 1697 538 1752 οἶα
550 1698 663 1770 Ἀργεῖοί
674 1721 702 1752 τε
714 1699 824 1770 λέγουσι
837 1701 878 1752 καὶ
892 1699 1000 1753 Λευκέας
1012 1698 1125 1766 ε’ποίησε.
1191 1700 1258 1752 301.
1277 1700 1458 1750 Achilliden

307 1770 447 1838 Pyrrhum
460 1770 641 1839 Epirotarum
660 1787 756 1838 regem
775 1770 822 1840 qui
838 1770 990 1824 uicesimus
1007 1769 1108 1844 tertius
1125 1768 1161 1822 ab
1181 1767 1290 1821 Achille
1309 1768 1369 1834 suit,
1385 1777 1457 1821 teste

306 1839 433 1893 Eusebio
442 1841 546 1894 Chron.
559 1843 580 1894 I.
591 1858 618 1910 p.
629 1855 681 1908 234
695 1842 815 1895 Schhne.
864 1844 1005 1906 cognato
1018 1843 1146 1893 nomine
1159 1838 1257 1906 Pyrrhi
1272 1838 1319 1891 filii
1329 1837 1457 1892 Achillis,

308 1911 378 1964 Her.
398 1911 422 1965 8.
445 1925 461 1978 3
486 1910 618 1979 Pyrrhus
641 1910 799 1965 Achillides
827 1914 971 1965 animosus
996 1913 1120 1981 imagine
1139 1913 1242 1981 patris.
1290 1910 1457 1962 Plutarchus

307 1982 405 2048 Pyrrh.
419 1997 429 2034 1
444 1983 633 2035 Molossorum
646 1998 765 2050 regnum
777 1983 814 2035 ab
824 1983 879 2036 hoc
889 1981 999 2052 repetit,
1012 1988 1102 2051 Χρόνῳ
1112 1981 1140 2033 δὲ
1152 1979 1263 2049 ὕστερον
1276 1982 1459 2044 Νεοπτόλεμος

306 2053 321 2102 ὁ
339 2050 482 2120 Ἀχιλλέως
499 2053 563 2105 λαὸν
581 2052 684 2122 ἀγαγὼν
699 2052 774 2107 αὐτάς
788 2075 817 2106 τε
834 2053 880 2119 τὴν
894 2056 981 2122 χώραν
1000 2054 1111 2121 κάτεσχε
1129 2051 1169 2104 καί
1188 2049 1310 2118 διαδοχὴν
1325 2050 1459 2113 βασιλέων

306 2118 353 2189 ἀφ’
367 2121 445 2174 αὑτοῦ
457 2121 585 2189 κατέλιπε,
597 2122 729 2193 Πυῤῥίδας
740 2121 963 2192 ἐπικαλουμένους.
997 2124 1129 2191 Saluagn.
1143 2121 1179 2175 de
1191 2121 1305 2174 nomine
1318 2120 1459 2174 Aeacidae

307 2191 505 2261 interpretatus
521 2203 573 2260 est,
586 2210 641 2263 quo
655 2203 682 2247 et
695 2204 776 2262 pater
789 2193 887 2263 Pyrrhi
901 2211 969 2248 usus
984 2203 1012 2247 et
1029 2193 1090 2261 ipse
1105 2193 1228 2262 Pyrrhus
1244 2207 1458 2260 nonnumquam

306 2273 337 2316 ut
356 2263 385 2316 in
404 2265 517 2318 oraculo
536 2264 583 2318 illo
600 2265 659 2317 Aio
676 2270 703 2318 te
721 2265 847 2318 Aeacida
865 2265 1048 2318 celebratus*
1067 2263 1158 2318 luerit.
1205 2261 1263 2316 Sed
1279 2264 1459 2315 Achilliden

307 2333 408 2387 melius
421 2352 455 2388 ex
468 2334 550 2389 solito
560 2335 671 2405 Pyrrhi
682 2335 850 2402 cognomine
863 2352 949 2405 quam
962 2352 997 2389 ex
1006 2334 1141 2388 inusitato
1150 2333 1292 2386 Aeacidae
1300 2332 1458 2401 explicaris

309 2404 364 2473 Qui
378 2411 509 2470 cognato
521 2409 648 2459 nomine
661 2405 698 2459 ad
710 2405 843 2460 Achillen
856 2406 979 2459 referunt
994 2405 1037 2474 (cs.
1054 2406 1125 2458 Plut.
1136 2404 1232 2473 Pyrrh.
1244 2403 1277 2471 l),
1291 2403 1375 2456 nimis
1389 2403 1458 2456 mihi

307 2475 439 2529 uidentur
457 2479 642 2546 ταυτολογεῖν;
667 2493 720 2530 nec
740 2477 950 2546 uero‘Pyrrhus
970 2475 1103 2544 Epirotes
1121 2475 1239 2528 Achillis
1257 2477 1385 2528 nomine
1404 2475 1457 2528 h.e.

307 2546 385 2616 quod
404 2546 520 2615 stirpem
539 2547 576 2600 ab
595 2547 704 2600 Achille
723 2548 838 2601 duceret
859 2550 965 2601 clariis
983 2556 1051 2614 erat,
1071 2545 1253 2599 sedatantum
1276 2543 1458 2613 gloriabatur.

306 2620 377 2672 302.
391 2621 558 2682 Opprimat
564 2617 592 2670 ui
603 2617 696 2671 subita
705 2617 825 2672 occidat.
852 2620 892 2672 M.
902 2616 949 2672 xii.
959 2618 1010 2684 283
1022 2617 1199 2670 samamoles
1209 2616 1356 2685 Oppressit
1365 2617 1459 2684 spatio

306 2693 427 2742 stantem
435 2691 571 2758 propiore
584 2689 719 2742 Cometen.
750 2691 868 2753 Tegula
881 2690 962 2742 Paus.
977 2687 994 2742 i.
1008 2700 1071 2755 13.7
1085 2685 1209 2739 Ἐνταῦθα
1224 2685 1317 2755 (Argis
1330 2685 1359 2738 in
1373 2702 1459 2754 quarn

308 2759 407 2812 urbem
420 2775 485 2813 cum
495 2758 619 2812 obsessis
633 2758 790 2828 inruerat)d
801 2757 904 2827 Πάῤῥος
915 2758 1031 2826 ἐμονώθη
1043 2758 1083 2810 καὶ
1095 2759 1262 2825 τιτρώσκεται
1275 2759 1321 2816 τὴν
1333 2756 1459 2825 κεφαλήν.

308 2831 427 2900 κεράμῳ
436 2829 468 2882 δὲ
477 2827 632 2896 βληθέντα
642 2829 691 2882 ὑπὸ
698 2829 816 2899 γυναικὸς
824 2829 941 2882 τεθνάναι
949 2830 1017 2897 φασι
1026 2826 1139 2896 Hippou.
1157 2826 1268 2898 Ἀργεῖοι
1278 2827 1306 2879 δὲ
1314 2826 1344 2879 αὖ
1352 2829 1460 2896 γυναῖκα

306 2899 353 2966 τὴν
377 2900 572 2964 ἀποκτείνασαν,
597 2898 719 2968 Δήμητρα
744 2899 774 2952 δέ
798 2901 882 2969 φασιν
905 2896 968 2952 εἶναι
992 2899 1091 2967 γυναικὶ
1115 2896 1272 2966 εἰκασμένην.
1299 2897 1459 2966 (Constant.

308 2969 444 3038 Fanens.)
551 2973 622 3023 303.
634 2973 751 3035 Pyrrhi
765 2969 954 3040 Neoptolemi,
967 2969 1015 3022 filii
1025 2969 1152 3023 Achillis.
1259 2970 1330 3022 304.
1344 2971 1461 3032 Sparso

310 3042 387 3109 Hyg.
404 3055 433 3092 12
436 3055 451 3107 3
465 3038 512 3109 qui
524 3041 619 3093 locum
631 3041 706 3094 hunc
719 3041 848 3110 respexit,
862 3051 892 3094 ut
905 3040 1000 3094 docuit
1016 3039 1170 3094 Mauricius
1183 3037 1356 3092 Schmidtius
1368 3040 1459 3092 Praei.

307 3128 335 3180 p.
345 3109 417 3164 xxxi.
425 3111 624 3180 Neoptolemus
635 3111 760 3165 Achillis
771 3117 798 3165 et
805 3112 972 3165 Deidamiae
975 3112 1061 3182 filius
1072 3127 1109 3163 er
1118 3111 1146 3163 A
1150 3109 1321 3162 ndromacha
1330 3110 1461 3162 Eetionis

298 3181 369 3250 filia
387 3182 502 3250 captiua
515 3183 680 3251 procreauit
697 3183 893 3252 Amphialum.
931 3183 981 3236 sed
987 3185 1139 3251 postquam
1158 3181 1273 3234 audiuit
1284 3181 1460 3233 Hermionen

306 3255 438 3321 sponsam
450 3268 531 3303 suam
547 3251 642 3305 Oresti
650 3269 706 3305 esse
717 3254 815 3306 datam
831 3254 863 3305 in
879 3254 1050 3322 coniugium,
1063 3253 1295 3306 Lacedaemonem
1310 3253 1390 3304 uenit
1403 3256 1431 3303 et
1441 3269 1460 3303 a

307 3323 440 3376 Menelao
463 3325 593 3390 sponsam
617 3340 699 3376 suam
718 3325 800 3394 petit.
846 3325 895 3376 cui
917 3324 967 3376 ille
982 3323 1072 3392 fidem
1095 3339 1177 3376 suam
1196 3323 1344 3390 c'nfirmare
1367 3322 1462 3374 noluit

307 3393 345 3446 H
342 3394 536 3461 ermionenque
548 3393 582 3445 ab
597 3394 692 3447 Oreste
703 3395 823 3448 abduxit
832 3399 860 3446 et
870 3395 1051 3463 Neoptolemo
1063 3394 1145 3447 dedit.
1173 3392 1282 3445 Orestes
1293 3393 1404 3446 c'niuria
1416 3409 1461 3445 ac·

307 3467 387 3532 cepta
401 3464 615 3532 Neoptolemum
631 3465 752 3534 Delphis
766 3466 968 3534 sacrificantem
987 3464 1087 3518 occidit
1103 3469 1131 3517 et
1141 3463 1316 3516 Hermionen
1332 3467 1460 3532 recuper-

309 3536 392 3588 auit:
417 3536 499 3587 cuius
519 3551 591 3589 ossa
610 3539 674 3605 per
693 3537 782 3605 fines
804 3535 1002 3589 Ambraciae
1025 3539 1145 3604 sparsa
1169 3539 1244 3602 nent,
1269 3550 1341 3602 quae
1364 3539 1406 3586 est
1428 3535 1460 3586 in

307 3605 401 3728 Epiri
419 3605 586 3675 regionibus
723 3608 793 3660 305.
811 3609 956 3670 Nataque
977 3610 1014 3658 ut
1034 3607 1197 3659 Aeacidas.
1244 3604 1354 3658 Primus
1378 3604 1459 3657 Laur.

308 3677 336 3728 A
357 3675 473 3729 stemius
487 3677 590 3729 Annot.
604 3677 669 3730 Var.
684 3675 713 3728 iii
727 3675 925 3745 interpretatus
941 3685 984 3730 est
1002 3676 1038 3729 de
1052 3675 1205 3728 Deidamia
1220 3674 1280 3728 siue
1295 3674 1459 3742 Laodamia,

308 3762 394 3816 quam
407 3745 431 3799 is
445 3763 478 3799 ex
494 3746 590 3800 lustin.
601 3745 691 3800 xxviii.
706 3757 779 3815 1et3
791 3747 877 3800 filiam
887 3746 1040 3800 Alexandri
1053 3746 1127 3814 regis
1143 3745 1334 3815 Epirotarum,
1344 3755 1459 3814 neptem

310 3816 409 3885 Pyrrhi
425 3817 523 3885 Magni
542 3817 649 3884 habuit,
662 3816 788 3887 plerique
807 3818 909 3870 collato
922 3819 991 3883 =loco
1006 3816 1105 3871 Iustini
1118 3816 1210 3870 xxviii.
1224 3830 1240 3883 3
1253 3833 1316 3869 cum
1329 3834 1366 3868 ex
1376 3821 1461 3886 gente

307 3890 389 3957 regia
407 3888 467 3940 sola
485 3888 587 3940 Nereis
604 3890 689 3957 uirgo
706 3905 770 3941 cum
788 3889 945 3941 Laodamia
965 3905 1059 3940 sorore
1080 3891 1241 3956 superesset,
1260 3887 1362 3940 Nereis
1380 3887 1463 3940 nubit

310 3958 413 4012 Geloni
423 3958 541 4011 Siciliae
555 3959 674 4028 tyranni
681 3959 757 4026 filio,
770 3959 928 4012 Laodamia
946 3964 1040 4012 autem
1055 3975 1118 4011 cum
1135 3960 1166 4010 in
1178 3975 1260 4010 aram
1272 3959 1387 4011 Dianae
1398 3973 1460 4012 con·

298 4030 428 4109 fugisset
445 4045 581 4081 concursu
595 4029 701 4098 populi
716 4031 888 4110 interficitur
904 4046 969 4082 cum
989 4029 1085 4096 Polyb.
1100 4027 1146 4082 vii.
1159 4043 1183 4093 4.
1200 4041 1222 4097 5,
1242 4029 1323 4081 Paus.
1338 4028 1373 4081 vi.
1390 4042 1430 4081 12.
1444 4042 1460 4094 3

309 4099 396 4152 filiam
409 4097 496 4167 ipsius
511 4099 609 4166 Pyrrhi
625 4099 723 4168 Magni
737 4100 850 4153 faciunt.
881 4102 1037 4154 Aeacidae
1049 4108 1143 4168 potest
1156 4099 1186 4152 id
1199 4098 1314 4168 quidem
1328 4098 1364 4152 de
1377 4099 1460 4152 Alex-

308 4170 398 4223 andro
408 4169 525 4238 intelligi
536 4179 681 4239 tamquam
692 4187 727 4224 ex
735 4170 924 4225 Aeacidarum
935 4169 1020 4239 stirpe
1031 4180 1092 4224 orto
1103 4170 1186 4238 (Plut.
1199 4170 1295 4237 Pyrrh.
1309 4170 1331 4224 1.
1344 4171 1427 4222 Paus.
1438 4170 1460 4224 Ι.

310 4255 351 4307 13.
366 4254 382 4307 3
395 4249 423 4294 et
436 4240 463 4308 9)
478 4249 572 4309 potest
585 4250 613 4294 et
631 4241 667 4294 de
681 4242 788 4309 Pyrrho
805 4241 933 4296 minore:
953 4241 1053 4294 melius
1069 4250 1165 4294 tamen
1179 4241 1215 4294 de
1229 4240 1337 4308 Pyrrho
1352 4242 1461 4307 Magno

342 4345 356 4376 *
374 4343 409 4390 Sic
421 4343 445 4388 in
457 4345 527 4408 epigr.
536 4338 576 4403 ap.
589 4346 660 4392 Paus.¹
669 4347 688 4395 1.
702 4357 739 4406 13.
753 4357 767 4406 3
786 4343 912 4407 Αίχμηταί
927 4343 969 4392 καί
986 4345 1029 4393 νῦν
1047 4341 1089 4391 καί
1103 4341 1177 4406 πάρος
1192 4340 1303 4390 Αἰακίδαι
1319 4344 1348 4390 de
1363 4344 1461 4390 uictoria

308 4423 378 4484 quarn
396 4408 494 4470 Pyrrhus
508 4411 536 4455 de
551 4410 624 4456 Gallis
637 4419 809 4487 reportauerat:
830 4412 906 4458 sedin
923 4411 976 4487 loco
992 4411 1117 4488 Pausaniae
1134 4411 1149 4460 i.
1164 4421 1229 4474 13.9
1244 4424 1314 4470 quem
1326 4409 1461 4521 Saluapnius

307 4473 561 4586 Ξῖἶῖμμίκδαῖγιηηίρρέῐηρη
575 4477 692 4536 Aeacides,
702 4479 741 4524 sed
753 4476 766 4522 ὁ
778 4473 895 4524 Αἰακίδου
906 4477 995 4535 dicitur,
1006 4487 1047 4524 etsi
1063 4476 1148 4566 ibidem
1161 4487 1219 4522 inter
1231 4473 1285 4522 τοὺς
1296 4479 1393 4533 καλουμ
1408 4491 1462 4522 νους
