3312 5200
307 452 346 509 60
788 445 971 508 SCHOLIA

350 625 419 682 323·
440 615 475 666 ut
508 602 688 665 Larisaeus
728 603 860 664 Aleuas
950 604 1076 664 *Alebus
1104 605 1179 666 filius
1204 607 1469 670 iThoadomantis

308 687 433 747 *Alebus
447 686 716 750 tTherodomantis
730 687 805 746 filius
824 686 861 746 de
904 704 956 744 rex
971 687 1086 746 Larisse
1101 689 1225 747 ciuitatis
1238 708 1256 748 a
1274 691 1335 748 suis
1352 691 1470 748 ciuibus

308 769 443 828 Larissea
459 770 573 827 ciuitate
595 766 734 828 oriundus
755 768 861 827 abillis
906 769 942 827 de
964 770 1069 846 quibus
1094 787 1208 829 summe
1230 772 1400 831 confidebat
1423 781 1470 831 est

308 852 414 928 quibus
425 850 549 927 amplius
563 849 685 908 credidit
694 849 861 908 interlectos
906 849 1048 910 occisus*
1089 850 1188 911 Mure.

308 929 864 992 est*VndeGollussThemdomontsades
947 930 1075 992 *Alebas
1092 932 1365 996 †Thorodomantis
1387 933 1466 993 filius

307 1014 437 1090 quamuis
464 1015 569 1071 s'rsiusla
595 1030 709 1070 suoram
746 1012 863 1070 Victima
905 1012 943 1072 de
965 1012 1081 1074 Larissa
1103 1015 1218 1073 ciuitate
1242 1033 1294 1074 sua
1314 1016 1465 1092 quosdam

307 1097 375 1153 dira
385 1096 457 1174 sui!
474 1102 539 1153 tunc
559 1112 613 1153 non
629 1099 718 1152 lamen
733 1094 863 1170 ipsesm
905 1094 1040 1154 homines
1065 1095 1141 1153 fidos
1168 1114 1234 1155 esse
1263 1099 1384 1172 putauit,
1410 1097 1464 1156 sed

307 1175 397 1238 rum*
442 1175 479 1236 G.
905 1194 981 1252 quos
995 1177 1090 1252 magis
1101 1177 1176 1235 lidos
1190 1195 1256 1236 esse
1267 1179 1380 1253 putauit
1393 1197 1462 1236 eum

904 1258 1082 1317 occiderunt.
1094 1256 1191 1316 *Vnde
1199 1258 1316 1318 Gallus:
1325 1259 1462 1317 Theroda-

902 1340 1037 1397 manls'des
1060 1335 1191 1415 ‘quamuis
1226 1342 1317 1398 onusta
1347 1359 1462 1399 susorum

911 1421 1027 1479 Vicls'ma
1042 1422 1116 1479 duro
1126 1423 1197 1496 fuit
1213 1428 1278 1480 lunc
1298 1429 1462 1481 nontamen

902 1501 1115 1581 spsasuoruml
1156 1501 1193 1561 C.

350 1584 496 1658 *Quidam
517 1585 609 1654 homo
627 1582 748 1642 nomine
762 1581 871 1642 Alebus
893 1584 931 1642 ab
952 1583 1119 1642 hominibus
1140 1585 1200 1644 suis
1215 1601 1290 1661 quos
1312 1584 1368 1644 sibi
1384 1585 1461 1646 fidos

308 1668 430 1746 putabat
443 1668 558 1727 occisus
572 1675 615 1725 est
629 1666 701 1724 etin
716 1674 837 1740 puteum
851 1664 1027 1724 coniectus*
1068 1665 1111 1724 H.

352 1763 419 1823 325.
442 1749 554 1826 thue
569 1745 660 1806 Milo.
702 1744 862 1804 *Milonem
945 1745 1107 1806 *Milonem
1131 1747 1178 1806 cui
1202 1747 1461 1824 Pisaprouincia

309 1829 479 1888 Romanum
510 1830 542 1887 in
570 1846 650 1887 mare
678 1828 864 1903 proiecerunt
901 1827 1007 1888 tradita
1017 1828 1070 1886 luit
1084 1846 1137 1904 pro
1149 1829 1300 1904 tyrannide
1312 1847 1367 1888 sua
1378 1829 1460 1888 ciues

308 1912 377 1987 quia
387 1911 441 1969 luit
453 1910 601 1968 homicida
612 1921 640 1968 et
651 1908 725 1968 Pisis
740 1910 863 1985 patriam
904 1911 954 1969 sus'
972 1910 1003 1967 in
1024 1927 1104 1968 mare
1126 1912 1320 1985 proiecerunt,
1344 1909 1395 1968 *ut
1417 1913 1463 1968 ait

308 1993 434 2052 tradidit.
457 1989 553 2050 *Vnde
564 1990 681 2050 Gallus:
695 1989 786 2048 Ds'ues
799 1997 864 2048 erat
905 1991 1029 2051 Gallus:
1058 1990 1148 2049 Diues
1164 1997 1228 2050 era!
1241 1991 1343 2060 Ms'lo,·
1361 1993 1460 2068 sortis

308 2074 410 2143 Milo,·
421 2073 516 2152 sortis
529 2073 592 2132 licei
602 2073 774 2151 s'psesuissel
787 2071 860 2130 Con·
901 2073 964 2130 licet
975 2072 1023 2130 ille
1028 2074 1140 2150 suisset
1157 2071 1284 2149 Conligit
1300 2074 1349 2134 ille
1367 2081 1462 2134 lamen

308 2156 535 2231 ls'gilessstomen
543 2167 599 2233 pro
608 2154 711 2212 tumulo
716 2151 860 2231 pelagus*
898 2165 951 2230 pro
964 2155 1068 2212 tumulo
1076 2150 1221 2231 pelagus*
1265 2152 1302 2216 C..

349 2317 439 2432 *Milo
454 2317 598 2458 dleIstructa
619 2317 733 2377 ciuitate
754 2334 807 2376 sua
825 2316 891 2376 Pisa
912 2326 1014 2396 captus
1035 2316 1239 2394 praecipitatus
1259 2316 1353 2376 estin
1373 2318 1461 2394 aquis

306 2419 400 2460 uiuus.
495 2443 502 2458 .

350 2481 440 2541 *Milo
463 2481 561 2540 Pisam
583 2479 685 2538 Elidos
707 2479 810 2537 tenuit.
853 2477 913 2537 Hic
938 2498 1005 2538 cum
1031 2479 1149 2539 Pisaeus
1171 2479 1257 2538 uariis
1283 2480 1459 2540 cruciatibus

308 2563 442 2633 afficeret,
471 2564 509 2621 ab
533 2562 604 2637 ipsis
632 2563 663 2620 in
687 2559 835 2637 Alpheum
857 2560 978 2619 fluuium
1003 2560 1100 2620 Pisam
1128 2561 1382 2637 praeterfluentem
1407 2562 1459 2621 de·

307 2663 420 2705 mersus
434 2654 486 2704 est.
528 2643 582 2702 Est
597 2652 694 2701 autem
711 2652 851 2718 tyrannus
873 2643 1039 2702 communis
1053 2645 1186 2719 generis:
1208 2661 1278 2701 narn
1294 2643 1459 2702 Theodosii

307 2727 489 2804 grammatici
516 2734 561 2784 est
587 2723 694 2799 regula,
717 2723 798 2799 quod
825 2724 948 2781 nomina
975 2724 1189 2799 professionem
1213 2734 1263 2782 aut
1283 2725 1458 2800 dignitatern

308 2808 501 2883 significantia
515 2815 583 2865 sunt
597 2806 763 2864 eommunis
776 2805 901 2881 generis,
915 2814 947 2864 ut
966 2805 1014 2864 hic
1035 2817 1064 2864 et
1084 2805 1157 2865 haec
1177 2806 1246 2877 dux,
1265 2804 1312 2866 hic
1334 2816 1363 2864 et
1383 2806 1458 2865 haec

307 2889 508 2966 philosophus.
553 2886 620 2947 Cod.
636 2885 797 2963 Saluagnii.

349 2984 417 3046 327.
440 2969 601 3045 Quaeque
634 2970 669 3026 in
703 2967 860 3026 Adiman-
942 2965 1133 3027 *Adimantus
1158 2987 1208 3027 rex
1233 2967 1359 3028 Philacie
1383 2986 1459 3028 eon·

305 3061 383 3110 turn.
425 3049 616 3109 *Adimantus
654 3067 705 3108 rex
743 3049 859 3109 Philisie
900 3059 1027 3126 temptor
1052 3051 1174 3109 deorum
1199 3050 1313 3109 alone
1337 3051 1457 3127 fingitur

307 3132 362 3190 diis
376 3132 538 3207 dedignans
553 3130 671 3190 obedire
686 3150 704 3190 a
717 3129 790 3189 Ioue
805 3131 858 3189 lul·
899 3129 1091 3190 fulminatus*
1132 3130 1230 3190 Mure.

307 3213 433 3271 minatus
444 3221 496 3272 est.
532 3210 627 3269 *Vnde
641 3211 677 3270 G.
712 3211 865 3269 Phs‘lacrde'
943 3211 1142 3271 *Achimantis
1174 3213 1249 3272 filius
1278 3211 1367 3272 Filaci
1399 3232 1457 3273 rex

306 3295 384 3352 cadit
415 3295 479 3370 agne
507 3291 586 3351 Iouis
618 3294 685 3368 quia
719 3300 863 3370 spreuerat
901 3293 1021 3354 Filesiae
1043 3293 1089 3352 uel
1109 3303 1142 3353 ut
1163 3294 1211 3353 alii
1226 3294 1397 3354 Thessaliae
1413 3297 1457 3354 in·

1061 3431 1072 3456 e

345 3481 404 3530 323.
422 3463 540 3518 Historia
551 3465 589 3517 ad
598 3464 888 3533 uersumexplicandum
901 3465 1002 3534 conficta
1038 3464 1277 3530 torodomantisG
1347 3464 1457 3534 putabit

306 3537 387 3591 Chis.

345 3623 404 3673 325·
423 3606 540 3660 Historia
542 3604 643 3673 ficticia
699 3606 756 3672 ipsa
767 3605 943 3673 prouinciali
1000 3606 1099 3659 suosG
1149 3607 1227 3659 Mare
1240 3605 1318 3675 Mylo
1329 3606 1457 3659 tirannus

306 3695 356 3732 rex
374 3677 431 3746 pise
450 3677 535 3745 ipsam
550 3677 635 3743 pisam
649 3675 772 3728 hostibus
789 3676 902 3729 tradidit
921 3682 951 3728 et
969 3682 1083 3744 propter
1094 3676 1147 3729 hoc
1164 3693 1180 3728 a
1196 3677 1300 3729 ciuibus
1312 3677 1456 3730 nunciare

305 3748 493 3818 precipitatur.
538 3749 628 3800 Versus
647 3749 673 3800 in
691 3749 808 3816 margine
829 3747 881 3799 cod.
899 3749 1015 3800 Parisins'
1034 3761 1103 3813 7990
1122 3749 1157 3799 sic
1177 3747 1240 3815 legit
1259 3749 1390 3801 Schoenitas
1412 3760 1455 3817 ap.

296 3820 435 3874 Ehwald.
443 3831 471 3888 p.
487 3836 499 3870 2
514 3817 594 3871 Vnde
611 3817 703 3870 Gallus
720 3817 835 3869 Vinctus
848 3822 907 3870 erat
921 3817 991 3870 Milo
1003 3819 1084 3870 tortis
1096 3818 1160 3870 licet
1173 3818 1224 3870 ista
1235 3818 1348 3871 luissent
1361 3819 1456 3885 contii}

308 3892 352 3959 ipe
370 3895 399 3943 ta
416 3889 537 3958 pcictato
555 3888 673 3957 pelagus,
685 3907 748 3954 quae
763 3890 799 3939 sic
815 3888 939 3958 expediuis
956 3889 1077 3941 Ehwald
1091 3893 1184 3940 tortor
1200 3888 1265 3942 licet
1282 3889 1332 3942 iste
1349 3887 1456 3956 fuisset,

308 3962 477 4027 Contiguum
491 3961 547 4028 ipse
559 3965 652 4012 tamen
666 3958 800 4026 proicitur
813 3958 923 4026 pelagus
995 3960 1084 4028 ‘Quod
1094 3961 1124 4011 de
1136 3960 1264 4013 Theodosio
1276 3962 1383 4013 adnotat
1396 3961 1456 4013 Sal-

307 4035 425 4102 uagnius,
445 4031 585 4085 nerosimile
599 4040 637 4082 est
655 4028 763 4098 intelligi
782 4030 950 4095 Marmhium,
970 4032 1012 4096 qai
1029 4041 1100 4098 saepe
1118 4041 1146 4082 ut
1166 4031 1359 4084 Grammaticus
1377 4033 1457 4084 citari

305 4102 387 4156 solet!
417 4104 592 4166 Burmannus,
605 4100 639 4166 cf.
650 4099 778 4165 Ehwald,
790 4112 820 4168 p.
834 4118 859 4165 9.
879 4101 1007 4153 Macrohii
1018 4101 1143 4152 Theodosii
1158 4113 1276 4170 excerpta
1293 4121 1325 4154 ex
1343 4102 1409 4155 libro
1426 4103 1456 4154 de

307 4175 467 4243 Differentiis
485 4183 509 4225 et
527 4171 689 4224 Societatshus
709 4170 801 4223 Graeci
819 4173 953 4238 Latinique
970 4170 1040 4224 uerbi
1057 4172 1133 4224 edidit
1148 4173 1284 4225 Putschins
1296 4182 1326 4240 p.
1347 4186 1414 4235 2727
1433 4183 1457 4225 et

303 4243 401 4312 plenius
414 4243 509 4296 Keilius
523 4244 585 4295 Art.
599 4244 720 4310 Scriptor.
733 4242 829 4294 Minor.
838 4253 882 4310 pp.
896 4244 981 4306 599-6
986 4259 999 4305 5
1003 4257 1027 4305 5.

345 4327 406 4377 327.
424 4314 539 4365 Historia
548 4332 580 4366 ex
589 4331 664 4365 uersu
674 4311 776 4380 coryleta
806 4327 899 4363 rerum
909 4311 996 4364 lilexie
1006 4311 1051 4364 uel
1064 4318 1095 4365 ut
1107 4311 1151 4364 alii
1163 4310 1309 4366 thesalieG
1336 4327 1456 4365 necnon

307 4387 337 4435 et
351 4389 465 4435 cunctos
476 4384 571 4437 CAsk.
616 4383 696 4436 illaC
731 4379 898 4452 adiuuentis]
910 4383 982 4435 Nam
994 4382 1029 4434 ab
1041 4382 1174 4437 iuuentis?
1190 4384 1256 4451 quod
1265 4384 1302 4439 ad
1311 4394 1455 4484 marpessam

302 4494 387 4562 filium
395 4505 496 4563 potmat
512 4492 605 4559 referri
633 4493 678 4544 Ex
691 4493 768 4546 Bern.
782 4507 830 4556 711
847 4493 930 4548 Merk.
941 4504 1060 4548 enotarat
1076 4493 1238 4547 Adimantus
1256 4509 1304 4547 rex
1323 4495 1454 4564 phisesiae

307 4564 415 4618 -unde
427 4563 499 4621 idem
513 4563 664 4617 Philacides
674 4575 801 4632 ceteraque
812 4576 841 4618 ut
851 4565 877 4616 in
891 4565 923 4618 G.
