3294 5214
305 463 363 525 lviii
714 417 1042 520 Pnotsoo'usui.

310 625 377 698 287,
393 638 461 696 322,
477 637 545 696 323,
563 631 620 694 325
635 633 703 678 cum
719 615 745 676 C
759 625 789 676 et
802 615 874 677 Aslr.
888 616 1003 678 uidetur
1020 617 1202 688 consentire;
1231 625 1308 677 certe
1322 633 1358 676 ex
1373 633 1457 676 com-

307 704 388 762 muni
410 702 490 761 sonte
511 698 711 778 profluxerunt
724 705 862 776 portatori
882 697 994 778 (Bern.)
1014 697 1171 775 Spartacon
1192 697 1230 777 (C
1252 697 1345 776 Aah),
1366 717 1459 775 quem

308 785 488 846 Graecomm
503 782 700 842 accusatiuum
714 797 769 858 pro
788 781 896 840 usitato
911 778 1080 856 Spartacum
1099 780 1207 840 indicio
1221 779 1315 840 habeo
1330 781 1458 856 antiqui-

307 867 381 926 uiis.
423 864 472 923 Ad
494 879 551 939 293
573 863 719 922 consentit
739 860 798 921 fere
818 879 887 922 cum
908 861 946 934 G,
967 863 1085 938 quicum
1105 861 1193 921 etiam
1214 862 1252 921 ad
1274 879 1330 937 30¹
1354 880 1458 921 uersus

307 947 406 1024 Argos
432 945 555 1004 liosti'leni
577 943 760 1023 Mniesoroiii
781 943 898 1002 cuidam
926 943 1070 1020 adsignat
1111 942 1197 1016 Quae
1224 945 1294 1003 satis
1321 953 1390 1002 sunt
1418 943 1458 1002 ad

308 1026 568 1088 demonstrandum
583 1024 744 1086 Bernensia
763 1024 874 1084 scholia
892 1041 954 1084 nou
973 1025 1048 1084 adeo
1066 1027 1173 1084 nostris
1191 1025 1340 1084 dissimilia
1358 1023 1458 1093 fuisse,

307 1120 340 1170 ut
360 1108 483 1168 multum
504 1106 573 1166 inde
593 1123 690 1167 nouae
710 1107 783 1165 lucis
803 1106 879 1166 Ibidi
900 1106 1088 1166 adcresceret.
1127 1106 1174 1164 Eu
1193 1107 1336 1166 uniuersis
1358 1117 1459 1165 autem

308 1189 483 1268 comparatis
507 1188 624 1249 scholiis
647 1199 768 1265 apparet
791 1188 948 1264 antiquitus
970 1188 1070 1248 breuis
1096 1187 1241 1264 quaedam
1265 1188 1368 1248 tradita
1392 1205 1458 1246 esse

307 1291 383 1352 quae
397 1281 501 1348 postea
514 1270 600 1330 uariis
613 1270 710 1330 modis
724 1270 865 1328 inmutata
878 1280 907 1329 et
920 1278 1056 1346 corrupta
1069 1268 1181 1328 fuerim.

349 1353 459 1413 Nescio
482 1371 543 1430 quo
565 1351 624 1411 sato
649 1351 784 1410 acciderit
807 1361 839 1409 ut
861 1362 956 1410 cetera
977 1350 1077 1412 Ouidii
1101 1351 1235 1410 cennius.
1251 1351 1348 1410 bonos
1370 1348 1459 1410 scho-

307 1436 403 1496 hastas
414 1445 500 1494 nacta
510 1433 669 1504 uideantur,
680 1433 715 1491 in
729 1450 796 1492 una
806 1431 904 1491 Ibide
918 1432 1131 1491 falsariorum
1146 1432 1300 1492 sollertia
1314 1451 1348 1490 se
1363 1449 1458 1491 exer-

308 1517 421 1578 cuerit
457 1515 545 1576 Certe
559 1533 614 1576 nec
628 1516 659 1573 in
668 1514 829 1574 Amoribus
843 1529 899 1572 nec
914 1513 944 1572 in
954 1516 1025 1573 Arte
1035 1513 1189 1573 Amatoria
1201 1532 1256 1574 nec
1270 1515 1301 1572 in
1310 1513 1458 1573 Tristibus

308 1617 363 1660 nec
377 1601 408 1658 in
422 1598 495 1658 libro
507 1596 788 1673 Metamorphoseon
803 1595 870 1654 ficta
884 1595 1020 1672 equidem
1034 1595 1289 1672 interpretamenta
1303 1611 1399 1670 neque
1411 1595 1459 1654 his

307 1697 440 1741 conexos
457 1679 541 1739 fictos
560 1695 661 1738 uersus
680 1687 830 1753 tamquam
849 1687 986 1737 notorum
1005 1687 1156 1753 poetarum
1171 1675 1248 1736 Galli
1262 1675 1370 1734 Tibulli
1385 1673 1458 1734 Pro-

307 1763 390 1839 pertii
411 1771 465 1820 etc.
480 1759 609 1818 offendi:
634 1775 814 1836 quamquam
835 1759 956 1816 materia
977 1775 1037 1816 non
1059 1758 1163 1828 deerat,
1179 1759 1242 1818 siue
1263 1767 1382 1834 propter
1403 1759 1458 1817 ob·

308 1845 481 1913 acuitatem,
497 1841 558 1900 siue
573 1841 654 1915 quod
669 1851 767 1917 turpes
784 1838 920 1898 historiae
934 1848 1041 1898 essent.
1081 1839 1131 1898 An
1145 1840 1366 1918 suppositicium
1381 1857 1458 1914 opus

307 1925 374 1984 Ibin
401 1921 521 1983 credidit
543 1920 691 1980 falsarius?
720 1921 839 1997 eiusque
868 1921 1016 1998 opinionis
1043 1919 1253 1980 documentum
1281 1921 1344 1997 ipse
1369 1919 1458 1978 salsos

307 2023 409 2065 uersus
423 2002 542 2064 scholiis
555 2001 669 2060 intulit?
695 2004 746 2061 An
765 2019 834 2062 cum
853 2003 883 2060 in
903 2004 1014 2062 incerto
1029 2012 1106 2062 esset
1119 2003 1305 2079 quorundam
1319 2019 1458 2060 uersuum

307 2086 398 2146 Ibidis
419 2084 582 2161 explicatio,
597 2083 763 2143 coniectura
782 2084 884 2160 aliquis
904 2093 934 2142 et
954 2085 1209 2160 interpretamenta
1230 2093 1330 2143 suaet
1351 2083 1458 2142 horum

307 2178 396 2228 testes
410 2184 511 2226 uersus
531 2165 634 2224 finxit?
663 2175 727 2224 utut
745 2183 777 2224 se
795 2183 842 2224 res
856 2165 953 2236 habet,
967 2165 1062 2226 tricies
1079 2176 1122 2226 ter
1135 2167 1270 2243 leguntur
1289 2165 1318 2223 in
1338 2164 1459 2224 scholiis

307 2249 473 2309 huiusmodi
488 2247 545 2307 ficti
560 2246 681 2323 elegiaci
696 2246 920 2324 hexametrique.

346 2330 476 2408 Elegiaci
491 2339 557 2389 sunt
570 2328 609 2401 hi,

388 2413 537 2488 Propertii
549 2420 618 2471 octo
635 2423 701 2488 257,
717 2409 776 2469 duo
793 2421 860 2484 297,
875 2407 937 2488 (ubi
951 2407 1077 2470 Plautus
1095 2410 1198 2470 dicitur
1211 2409 1242 2469 in
1257 2408 1298 2490 G)
1312 2410 1372 2473 duo
1388 2416 1459 2487 461,

429 2496 489 2553 duo
505 2495 573 2568 463.

387 2575 473 2636 Batti
484 2573 543 2634 duo
560 2592 627 2650 299.

392 2658 478 2718 Galli
492 2667 628 2733 quattuor
649 2657 716 2732 285,
736 2653 795 2714 duo
813 2658 880 2730 287,
898 2653 958 2715 duo
976 2667 1045 2730 325,
1065 2653 1125 2714 duo
1144 2669 1212 2730 327,
1231 2656 1291 2717 duo
1308 2673 1376 2734 352,
1397 2657 1459 2718 duo

431 2742 500 2814 364,
515 2739 574 2797 duo
589 2740 658 2810 465.

392 2821 503 2879 Tibulli
513 2829 582 2878 octo
598 2831 656 2894 307
672 2816 772 2897 (Gallo
786 2819 833 2878 ilii
847 2815 1023 2897 adsignant).

389 2901 520 2960 Lucretii
531 2910 600 2958 octo
616 2918 684 2975 419.

397 2983 534 3041 Varronis
548 2978 711 3060 (Maronis)
725 2979 785 3040 duo
800 2994 868 3056 317,
883 2980 942 3042 duo
958 2999 1025 3058 329,
1041 2981 1101 3041 duo
1116 3001 1183 3059 322.

392 3064 565 3123 Callimachi
575 3062 634 3121 duo
650 3079 718 3137 315.

392 3145 555 3205 Callistonis
569 3142 628 3220 (alii
642 3144 819 3220 Promptiana
833 3145 895 3204 siue
912 3144 1070 3205 Calmitlieii
1083 3145 1195 3226 dicunt)
1208 3156 1277 3206 octo
1297 3160 1363 3223 273.

388 3227 547 3285 Democriti
558 3225 756 3304 (Dominus)
770 3227 830 3285 duo
846 3245 913 3302 293.

389 3308 513 3366 Homeri
526 3305 725 3386 (Menosronii)
740 3307 800 3366 duo
815 3327 884 3383 322.

389 3390 508 3450 Arionis
521 3388 580 3447 duo
597 3407 664 3464 3¹0·

389 3471 516 3546 Luperci·
527 3470 587 3529 duo
600 3488 667 3544 312,
679 3469 738 3529 duo
751 3489 809 3544 314
822 3469 863 3546 (N
866 3469 939 3531 code
954 3480 1094 3532 atestante
1104 3470 1191 3530 Birn.
1205 3485 1272 3546 711,
1281 3474 1309 3535 h.
1318 3493 1342 3534 e.
1352 3475 1459 3536 eodem

430 3552 565 3628 Luperco
581 3551 628 3610 cui
642 3551 738 3629 priora
751 3553 798 3610 illa
819 3553 927 3612 Vtrum
940 3555 1065 3631 defundi
1078 3553 1288 3635 adsignantur).

389 3634 543 3693 Fauorani‘
553 3631 734 3712 (Fauorinii)
749 3633 808 3692 duo
825 3654 892 3709 329.

388 3715 483 3774 Darii
493 3713 597 3794 (Clari
607 3714 701 3788 Mure,
716 3734 754 3774 an
771 3713 976 3796 Callimacliit)
991 3715 1050 3776 duo
1065 3735 1133 3793 332,
1148 3717 1208 3778 duo
1223 3735 1293 3795 335.

348 3797 521 3858 Hexametri
535 3807 610 3869 sunt,
1347 3809 1348 3812 ’

392 3879 565 3942 Callimachi
581 3887 718 3955 quattuor
739 3892 807 3956 279,
828 3888 963 3957 quattuor
986 3893 1042 3955 295
1065 3879 1115 3939 ubi
1137 3881 1240 3942 dicitur
1259 3883 1373 3944 Crinius
1394 3884 1458 3946 he.

428 3961 605 4038 Cyrenaeus

388 4043 537 4119 Eupolidis
551 4043 611 4102 duo
627 4056 694 4117 255.

388 4126 511 4182 Homeri
523 4122 724 4204 (Monesronii)
740 4140 799 4200 325
813 4124 883 4182 duo.

392 4205 477 4265 Galli
487 4204 547 4264 duo
563 4223 632 4281 323.

390 4287 497 4344 Incerti
508 4287 567 4347 duo
585 4290 651 4364 269.

349 4367 391 4425 Hi
400 4384 501 4426 uersus
513 4384 572 4425 non
581 4385 696 4446 semper
706 4368 784 4429 falsis
793 4368 917 4430 historiis
926 4370 1119 4443 adstruuntur,
1130 4371 1181 4432 sed
1190 4372 1362 4453 plerumque
1372 4375 1458 4436 ueris.

309 4449 389 4507 Nam
409 4467 478 4506 cum
498 4448 593 4507 tricies
614 4459 658 4509 ter
676 4452 755 4511 inlati
777 4453 841 4522 sint,
857 4453 985 4512 sedecies
1007 4463 1118 4512 tantum
1138 4454 1273 4515 falsarum
1296 4457 1459 4518 fabularum

308 4531 556 4634 complementum
570 4542 637 4592 sunt
654 4546 721 4606 255,
734 4535 802 4607 285,
815 4537 882 4609 287,
896 4553 962 4611 293,
977 4551 1044 4611 295,
1062 4548 1129 4611 297,
1145 4550 1213 4612 397,
1229 4555 1294 4614 323,
1308 4554 1375 4614 325,
1388 4552 1457 4614 327,
