3296 5210
312 419 368 476 172
773 413 996 478 EXCVRSVS.

309 587 483 662 'quamquam
510 568 601 641 potuit
627 571 703 640 Eryx
731 569 957 657 Erechthides
981 567 1086 661 uocari,
1111 567 1171 624 siue
1196 569 1273 660 guod
1286 568 1466 658 ,Πορειδῶνος

310 640 1275 794 trituraturis-..rsussternumentum.t.
1289 639 1465 779 litut

312 783 475 853 Pandionis,
488 800 562 852 regis
575 782 799 850 Atheniensium,
813 782 862 836 lilii
876 783 972 852 Butes,
985 782 1162 837 Erechtheus
1173 800 1180 849 ;
1200 782 1354 837 Erechthei
1367 792 1465 836 autem

310 855 404 910 fratris
423 865 529 922 natam,
549 853 729 922 Chthoniam‚
749 852 827 907 duxit
847 855 953 920 Butes3
978 853 1122 926 (Apollod.
1141 852 1179 908 iii.
1202 867 1233 919 14
1251 863 1279 908 et
1302 853 1359 921 15):
1386 855 1465 921 Eryx

311 925 403 995 igitur,
417 925 440 979 si
453 925 535 979 huius
549 926 640 979 Butae
654 924 726 978 filius
745 923 858 978 habitus
877 933 920 978 est
933 940 951 978 a
964 923 1099 992 scriptore
1114 923 1212 993 Ibidis,
1227 924 1265 993 (et
1282 922 1382 992 potuit,
1395 941 1464 977 narn

313 998 400 1051 Butes
417 995 441 1049 is
459 1011 543 1066 quem
556 994 723 1064 Apollonius
741 994 815 1048 inter
826 996 1006 1063 Argonautas
1018 1003 1147 1049 recenset
1160 993 1176 1048 i.
1191 1007 1224 1064 95
1238 1004 1266 1048 et
1278 993 1464 1048 Atheniensis

312 1067 385 1121 lilius
397 1066 449 1120 fuit
461 1076 490 1120 et
506 1083 524 1120 a
536 1066 647 1120 Venere
661 1064 785 1134 Erycina
800 1082 835 1119 ex
852 1065 932 1134 mari,
944 1065 1068 1190 injuod
1083 1082 1114 1124 se
1127 1065 1286 1120 coniecerat
1303 1074 1333 1118 ut
1348 1064 1465 1119 Sirenas

311 1137 411 1204 adiret,
424 1135 526 1190 dicitur
538 1145 666 1190 seruatus
678 1135 765 1190 luisse
777 1135 813 1191 iv.
825 1149 879 1204 910
891 1151 962 1205 sqq.,
1024 1137 1103 1190 Seru.
1116 1136 1154 1190 ad
1165 1137 1236 1190 Aen.
1250 1155 1276 1191 v.
1289 1134 1344 1202 24,)
1358 1135 1464 1189 Erech·

310 1207 402 1263 thedes
418 1206 477 1261 iure
490 1223 541 1260 suo
553 1205 648 1260 uocari
662 1205 772 1261 meruit.
810 1205 1037 1276 Colebanturque
1053 1205 1154 1261 uicinis
1172 1206 1228 1261 aris
1242 1206 1385 1262 Poseidon
1399 1223 1463 1260 cum

313 1278 473 1333 Erechtheo
492 1287 520 1332 et
534 1278 621 1332 Butes
633 1276 754 1331 Athenis
766 1286 839 1330 teste
852 1278 936 1332 Paus.
950 1277 967 1332 i.
981 1277 1023 1331 26.
1039 1289 1062 1346 5.

347 1351 393 1402 An
412 1347 590 1402 retinendum
608 1358 652 1402 est
669 1347 866 1401 Echecratides
881 1357 909 1402 et
926 1365 961 1402 ea
978 1345 1183 1417 significatione
1196 1345 1394 1418 explicandum
1407 1364 1465 1418 qua

312 1418 478 1490 Euphorion
503 1418 650 1486 κακοζηλως
672 1419 804 1472 Iasonem
826 1419 936 1489 ναυαγὸν
957 1418 1026 1472 dixit
1048 1418 1128 1488 quasi
1150 1422 1211 1473 ναῦν
1232 1420 1336 1488 ἄγοντα,
1358 1419 1464 1473 oliuam

311 1491 486 1562 γλαυκώπιδα,
502 1499 626 1544 aratrum
644 1488 808 1557 ε’νοσίχθονα,
828 1488 983 1558 Dionysius
1002 1498 1138 1558 tyrannus
1157 1489 1295 1558 uirginem
1314 1490 1465 1559 μένανδρον,

312 1561 473 1616 columnam
503 1561 665 1629 μενεκράτην,
689 1558 811 1613 iaculum
840 1561 1009 1625 βαλλάντιον,
1032 1558 1155 1613 murium
1185 1559 1302 1614 latibula
1326 1561 1464 1630 μυστήρια,

313 1631 452 1699 (Meinek.
471 1632 526 1684 An.
545 1631 623 1684 Alex.
643 1646 670 1699 p.
687 1629 765 1697 136)?
802 1627 849 1692 Sic
867 1630 976 1684 Atreus
993 1631 1102 1684 Hector
1117 1631 1164 1684 Hi
1202 1632 1315 1684 odemz'a
1332 1631 1467 1684 Antenor

314 1703 429 1772 Cyclops
452 1702 600 1755 Diomedes
623 1700 811 1755 Aristarchus
839 1701 994 1770 Agesilaus
1025 1702 1151 1755 Telemac
1170 1719 1204 1755 ns
1233 1718 1285 1770 pro
1315 1701 1464 1756 adiectiuis

312 1782 447 1842 usurpata
459 1771 545 1825 fuisse
559 1771 642 1825 docet
655 1789 689 1826 ex
701 1772 805 1825 Athen.
815 1772 858 1840 98,
872 1786 910 1840 99,
920 1771 996 1827 idem
1011 1771 1170 1827 Meinekius
1184 1773 1221 1826 ad
1234 1773 1361 1840 Euphor.
1374 1772 1406 1826 fr.
1421 1785 1463 1841 95.

313 1845 397 1898 Certe
416 1859 472 1896 nou
495 1841 635 1896 immerito
653 1841 833 1912 Ἐχεκρατίδης
852 1843 929 1910 Eryx
947 1843 1093 1896 uocandus
1111 1853 1172 1897 erat
1191 1842 1237 1912 qui
1259 1853 1466 1912 praepotens

311 1912 438 1967 uiribus
451 1913 576 1966 αόνενιατ
586 1913 721 1966 caestibus
731 1913 906 1994 prouocabat
917 1913 1058 1982 uictosque
1069 1914 1225 1984 perr‘nrebat
1238 1913 1328 1981 (Seru.
1342 1913 1381 1973 ad
1393 1916 1464 1968 Aen.

312 1983 330 2038 i.
345 1984 406 2053 570)
420 1983 465 2037 uel
482 1982 609 2036 uiribus
627 1983 696 2036 suis
714 1982 825 2036 fidens
841 1983 929 2054 legem
941 1987 1041 2054 posuit
1052 1985 1227 2038 uenientibus
1239 1985 1316 2036 adse
1328 1990 1362 2038 ut
1373 2001 1467 2038 secum

311 2055 447 2109 caestibus
458 2054 630 2107 decertarent
642 2054 746 2123 (Myth.
754 2055 820 2108 Vat.
831 2053 848 2109 i.
858 2053 913 2124 94).
939 2055 965 2107 N
969 2071 1016 2108 am
1029 2063 1059 2108 ut
1071 2056 1236 2126 Egestiades
1245 2056 1290 2108 uel
1302 2055 1465 2109 Acestzndes

312 2125 435 2180 scribam
447 2123 494 2177 uix
506 2123 640 2178 adducor.

347 2195 395 2248 Ad
412 2197 481 2260 307,
493 2198 523 2250 8.
544 2196 685 2248 Incertum
699 2203 741 2249 est
754 2211 811 2265 quo
822 2193 962 2264 pertineat
976 2195 1057 2256 Phot.
1071 2195 1146 2258 Bibl,
1156 2213 1184 2266 p.
1199 2208 1251 2265 530
1263 2195 1384 2258 Bekker.
1404 2195 1468 2253 ‘ors

311 2263 392 2334 ὄνομα
409 2265 560 2336 θεραπαίνης
572 2265 724 2329 Πηλούσιον
735 2264 775 2333 ἦν,
786 2264 818 2319 διΙ
831 2265 859 2334 ἦς
872 2268 886 2318 ὁ
900 2268 1043 2320 Μολοσσὸς
1056 2265 1160 2336 Hippos
1173 2267 1258 2320 ἀνεῖλε
1275 2269 1404 2348 φαρμάκερ
1420 2268 1466 2334 τὴν

311 2335 416 2407 μητέρα.
466 2335 496 2390 Si
521 2336 559 2390 ad
583 2337 723 2404 Pyrrhum
749 2338 787 2405 11,
812 2335 937 2391 conicias
962 2337 1162 2407 Olympiadem
1189 2346 1342 2407 postquam
1365 2338 1467 2407 Tigrin

313 2407 435 2462 amicam
457 2406 505 2460 filii
528 2413 638 2460 ueneno
659 2417 798 2472 necasset,
820 2407 912 2476 ipsam
934 2417 1034 2478 postea
1055 2425 1076 2474 a,
1094 2408 1152 2464 lilio
1173 2425 1228 2478 ope
1250 2407 1355 2462 Pelusii
1380 2408 1466 2463 inter-

312 2488 438 2547 emptam
452 2494 524 2532 esse.
562 2476 622 2540 Sed
633 2478 687 2531 hoc
700 2477 844 2540 discordat
857 2495 922 2542 cum
936 2477 1049 2538 Ouidio.

350 2551 432 2603 Certe
446 2565 502 2601 non
515 2557 608 2617 potest
622 2565 724 2618 nepos
741 2548 822 2614 dicti
840 2549 937 2611 modo
953 2549 1041 2618 regis
1055 2549 1092 2603 ad
1106 2547 1321 2617 Hieronymum,
1336 2549 1435 2617 Pyrrhi
1451 2551 1463 2604 1

313 2637 347 2674 ex
360 2619 418 2672 lilia
431 2618 556 2686 Nereide
568 2628 709 2688 nepotem,
723 2629 873 2688 tyrannum
888 2621 1105 2688 Syracusanum,
1118 2619 1223 2675 referri.
1261 2623 1290 2674 Is
1307 2619 1385 2684 enim
1398 2639 1467 2676 con·

312 2691 405 2744 fossus
418 2690 580 2744 uulneribus
593 2689 674 2759 periit
689 2689 717 2742 in
730 2691 813 2744 turba
826 2689 980 2759 Leontinis,
993 2700 1066 2752 teste
1080 2690 1160 2744 Liuio
1173 2690 1245 2752 xxiv.
1259 2702 1293 2756 7..

350 2760 407 2814 Sed
426 2760 612 2830 explicatione
632 2759 776 2830 Saluagnii
799 2760 894 2814 inueni
916 2777 988 2832 quae
1010 2761 1110 2828 melius
1130 2763 1178 2816 uel
1197 2771 1273 2816 certe
1291 2778 1349 2815 non
1371 2761 1467 2816 minus·

312 2830 406 2960 lglcum
419 2832 592 2909 expedirent.
621 2832 789 2902 Lycophron
802 2831 886 2901 enim,
898 2833 933 2886 de
942 2832 1044 2901 Vlysse
1056 2843 1167 2894 mortuo
1178 2832 1286 2902 dicens,
1294 2833 1366 2894 haec
1378 2833 1467 2896 habet

560 2971 658 3026 Μάντιν
676 2973 704 3026 δέ
723 2973 810 3044 νεκρὸν
828 2973 944 3043 Εὔρυτόν
961 2973 1057 3044 στέψει
1075 2975 1148 3046 λεώς,

555 3041 589 3095 ‘O
607 3040 631 3095 τ’
642 3044 703 3097 αίπύ
722 3045 798 3098 ναίων
814 3044 951 3116 Τραμπύας
968 3043 1094 3113 ε’δέθλιον,

559 3111 604 3166 Ἐν
620 3109 638 3181 ᾖ
655 3111 713 3169 ποτ’
725 3113 797 3170 αὖθις
813 3113 931 3186 Ἠρακλῆ
949 3116 1042 3184 φθίσει
1061 3117 1161 3185 δράκων

559 3187 692 3252 Τυμφαῖος
709 3186 738 3239 έν
754 3183 870 3254 θοίνῃσιν
887 3186 996 3239 Αίθίκων
1012 3189 1121 3256 πρόμος,

559 3255 612 3306 Τὸν
630 3255 741 3312 Αἰακοῦ
758 3278 787 3310 τε
806 3257 871 3313 κάπὸ
889 3258 1012 3326 Περσέως
1030 3260 1132 3326 σπορᾶς

561 3326 610 3384 Καὶ
628 3328 769 3394 Τημενείριν
788 3329 833 3381 οὐκ
850 3328 951 3392 ι’ίηωθεν
968 3329 1089 3397 αἱμάτων.

315 3390 373 3451 Ubi
393 3395 506 3449 Tzelzes
525 3393 552 3448 έν
570 3387 635 3462 Ιἧτινι
652 3398 785 3468 Τραμπυίᾳ
802 3400 865 3452 ποτέ
883 3396 962 3465 αὖθις,
979 3400 1071 3467 φθίσει
1089 3397 1131 3451 καὶ
1147 3398 1240 3468 φθερεῖ
1257 3399 1285 3454 έν
1297 3400 1408 3456 θοίναισι
1425 3401 1465 3456 καλ

313 3467 431 3537 εὐωχίαις
449 3468 463 3519 ό
482 3465 580 3535 δράκων
597 3469 611 3518 ό
627 3470 761 3537 Τυμφαῖος
777 3470 817 3521 καί
831 3466 1002 3540 Ἠπειρώτης,
1013 3471 1068 3538 ἤτοι
1085 3471 1103 3522 ὁ,
1117 3471 1350 3542 Παλυσπέρχων,ό
1366 3475 1466 3542 πρόμος

313 3538 354 3590 καὶ
371 3539 386 3589 ά
402 3538 537 3606 πρόμαχος
553 3541 604 3590 τῶν
616 3537 726 3591 Αίθίκων
742 3540 783 3594 καί
794 3536 968 3610 Ἠπειρωτῶν.
1003 3541 1064 3593 Τίνα
1081 3539 1192 3611 φθίσεις
1211 3544 1257 3596 τὸν
1267 3541 1408 3614 Ἡρακλέα,
1421 3545 1468 3597 τόν

313 3605 364 3662 άπὸ
376 3609 421 3675 τῆς
434 3609 533 3676 σπορᾶς
545 3611 592 3661 τοῦ
604 3607 699 3661 Αίακοῦ
711 3610 753 3662 καὶ
765 3610 896 3678 Περσέως,
910 3610 951 3665 καὶ
963 3609 993 3664 οὗ
1004 3609 1094 3681 πόρῥω
1106 3617 1157 3665 τῶν
1165 3613 1277 3678 αἱμάτων
1288 3618 1334 3668 τοῦ
1342 3614 1467 3684 Τημένου.

312 3675 347 3730 ‘H
365 3678 393 3732 δὲ
410 3679 513 3745 ἱστορία
529 3677 640 3747 τοιαύτη.
678 3676 850 3752 Ἀλεξάνδρου
861 3684 908 3735 τοῦ
920 3681 1066 3737 Μακεδόνος
1079 3683 1119 3736 καὶ
1135 3685 1262 3753 Βαρσίνης
1277 3686 1323 3752 τῆς
1334 3685 1467 3756 Περσίδος

313 3750 367 3804 υίὸς
382 3748 484 3818 ἐγένετο
500 3747 654 3816 καλούμενος
664 3747 805 3817 Ἡρακλῆς,
817 3751 847 3810 δν
859 3751 943 3808 ἀνεῖλε
955 3751 1068 3808 καλέσας
1080 3754 1115 3807 είς
1127 3752 1229 3807 δεῖπνον
1241 3755 1439 3827 Πολυσπέρχων
1451 3757 1468 3808 ὁ

313 3822 455 3889 Τυμφαῖος,
465 3819 573 3873 Αἶθίκων
581 3821 717 3888 βασιλεὺς,
727 3823 891 3892 χαριζόμενος
902 3823 1072 3896 Κασσάνδρῳ.
1095 3826 1169 3884 Tum
1182 3825 1219 3883 ad
1233 3826 1343 3896 δράκων]
1355 3829 1369 3878 ό
1379 3829 1467 3879 Πολυ-

314 3890 446 3960 σπέρχων,
459 3890 501 3943 διὰ
516 3891 546 3943 τὸ
563 3890 635 3945 ίῶδες
650 3896 701 3944 τῶν
718 3894 868 3962 φαρμάκων,
880 3893 914 3946 ὧς
926 3895 982 3963 φαρ
1002 3896 1071 3949 άκοις
1087 3895 1164 3948 αὐτόν
1180 3895 1286 3952 άνελόιν.
1311 3899 1351 3956 Et
1362 3896 1402 3957 ad
1413 3898 1468 3965 803

313 3959 486 4029 τὸνἩρακλῆ
499 3965 591 4013 τοῦτον
602 3960 653 4015 άπδ
665 3959 757 4029 ταύτης
771 3962 843 4033 λέγει
861 3916 1018 4034 κατάγεσθδι
1030 3967 1076 4032 τῆς
1087 3967 1184 4034 σειρᾶς,
1198 3966 1237 4020 ὅτι
1250 3969 1264 4020 ὁ
1276 3966 1369 4021 τούτου
1382 3969 1468 4038 πατὴρ

314 4027 486 4100 Ἀλέξανδρος
497 4033 512 4082 ὁ
525 4032 656 4100 Μακεδὼν,
670 4034 733 4086 κατὰ
747 4034 794 4100 μὲν
805 4035 849 4087 τδν
860 4033 959 4102 πατέρα
973 4035 1009 4090 εἷς
1019 4031 1153 4103 Ἠρακλέα
1164 4038 1205 4090 καὶ
1216 4037 1323 4109 Περσέα
1335 4037 1423 4109 ἀνάγει
1435 4039 1468 4091 τὸ

313 4103 396 4182 γένος·
415 4101 477 4155 κατά
490 4101 518 4154 δέ
530 4101 635 4171 μητέρα,
647 4103 683 4157 είς
695 4106 878 4172 Νεοπτόλεμον
890 4105 931 4157 καὶ
942 4103 1068 4175 Ἀχιλλέα
1081 4107 1122 4158 καὶ
1133 4105 1234 4162 Αἲακον.

352 4173 437 4225 Hunc
451 4173 612 4241 Herodem,
629 4173 762 4228 Barsines
778 4184 807 4229 et
823 4175 975 4229 Alexandri
995 4176 1094 4246 Magni
1112 4177 1208 4246 filium,
1221 4195 1333 4234 ueneno
1345 4178 1470 4242 exstinc,

314 4250 375 4296 turn
394 4241 422 4294 in
441 4241 530 4310 epulis
550 4259 567 4296 a
585 4243 804 4312 Polysperconte
823 4245 851 4299 in
870 4245 990 4315 gratiam
1010 4247 1163 4302 Cassandri
1183 4249 1278 4318 (Paus.
1294 4249 1369 4316 ix.,7,-.
1381 4249 1408 4318 2)
1428 4250 1467 4314 ah

316 4311 421 4368 Ouidio
434 4311 585 4380 significari
598 4314 683 4369 credo
695 4314 821 4384 potuisse
833 4316 878 4370 his
891 4316 992 4372 causis.

354 4396 386 4461 ι..
401 4382 589 4437 Aeacidarum
610 4394 734 4452 gentem,
755 4387 877 4457 primum
899 4387 979 4458 Epiri
1000 4405 1090 4458 reges,
1108 4388 1212 4445 deinde
1235 4391 1465 4461 Neoptolemum,

314 4451 463 4520 Achillem,
482 4455 609 4509 Aeacum
627 4472 678 4524 per
696 4467 815 4511 matrem
834 4457 935 4527 attigit.
972 4461 1050 4514 Nam
1069 4461 1221 4515 Plutarcho
1239 4471 1311 4516 teste
1330 4464 1427 4532 Pyrrh.
1447 4462 1466 4518 i.

316 4523 497 4610 Πεοπτόλεμος,
512 4524 682 4596 ὁἈχιλλέως
697 4528 762 4594 λαδν
777 4528 881 4604 ἀχαχὼν,
896 4530 973 4594 αὐτός
988 4552 1017 4585 τε
1035 4531 1081 4605 τὴν
1097 4534 1185 4604 χώραν
1198 4532 1465 4604 (Ερίραῃν)κάτ,εσχε,
