3294 5214
613 465 938 529 PROLEGOMENA.
1314 461 1356 528 iix¹

202 637 269 698 352,
288 627 355 700 364,
372 644 438 700 419,
455 625 523 698 461,
540 625 609 700 463,
625 627 693 698 465.
736 623 846 686 Ceteris
864 627 895 683 in
914 625 985 686 locis
1007 624 1126 684 historia
1144 634 1193 685 aut
1212 643 1282 685 uera
1302 636 1353 686 aut

201 706 303 766 leuiter
319 706 410 765 modo
429 715 564 783 corrupta
584 716 636 766 est.
677 706 833 766 Poetarum
852 707 974 765 nomina
990 713 1027 766 eir
1045 707 1161 766 arbitrio
1180 705 1352 785 plerumque

202 787 329 847 conficta
356 797 424 847 sunt
435 807 443 861 ;
473 786 529 846 nisi
556 788 636 864 quod
661 788 755 864 potuit
782 787 938 865 antiquitus
968 790 1042 848 tradi
1065 789 1259 848 Callimachus
1288 808 1353 848 nar·

202 886 281 928 rasse
296 869 431 929 historias
445 886 521 946 quae
535 869 566 927 in
579 887 628 928 uu.
646 883 712 944 279,
726 883 793 945 315,
805 879 866 928 turn
881 869 1004 930 tortasse
1019 871 1105 930 etiarn
1121 889 1189 946 331,
1206 884 1263 945 335
1280 888 1353 930 con-

203 951 337 1010 tinentur.
379 950 477 1010 Etiam
492 949 586 1010 Arion
606 953 700 1027 potuit
721 969 785 1010 esse
799 950 980 1028 Euphorion,
999 953 1040 1011 sic
1062 953 1140 1010 enim
1161 952 1208 1011 hic
1229 962 1352 1012 uocatus

202 1041 247 1090 est
261 1033 292 1090 in
306 1049 367 1090 uno
384 1033 520 1092 codicum
535 1032 662 1092 Tzetzae
678 1032 773 1092 Schol.
790 1033 861 1110 Lyc.
874 1049 943 1108 911,
958 1052 986 1110 p.
998 1037 1054 1107 872
1072 1032 1201 1092 Mueller.
1217 1033 1353 1093 Fauorini

203 1121 302 1171 autern
313 1131 430 1186 nomen,
440 1114 486 1172 cui
502 1113 561 1173 duo
572 1132 674 1173 uersus
685 1115 714 1171 in
726 1113 821 1173 Schol.
835 1115 872 1173 ad
883 1131 941 1189 329
954 1116 1149 1191 adsignantur,
1162 1134 1222 1174 non
1234 1133 1354 1192 prorsus

203 1194 301 1270 inepte
312 1195 395 1254 fictor
409 1205 590 1254 mutuaturus
604 1205 665 1254 erat
679 1195 740 1256 siue
751 1213 788 1254 ex
800 1194 903 1266 Gellio,
915 1197 977 1255 siue
991 1197 1106 1256 aliunde
1121 1197 1150 1256 id
1166 1208 1353 1272 cognouerat.

204 1275 282 1334 Nam
300 1276 460 1335 Fauorinus
482 1277 595 1353 scripsit
615 1279 777 1348 παντοδαπὴν
795 1279 929 1352 Ἱστορίαν,
949 1296 1024 1354 quae
1045 1279 1106 1337 siue
1128 1279 1271 1338 eiusmodi
1292 1289 1354 1337 erat

204 1357 296 1434 qualis
317 1359 517 1435 perstringitur
537 1357 665 1418 aGellio
685 1359 741 1417 xiv.
757 1357 842 1438 6(112
860 1360 938 1418 enim
953 1359 1114 1418 Nietzcheo
1136 1360 1211 1419 duce
1232 1360 1354 1419 credidit

204 1438 345 1498 E.Maass
353 1439 383 1497 in
395 1439 563 1514 Kiesslingii
573 1449 602 1499 et
613 1440 825 1499 Wilamowitzii
834 1440 1305 1516 Philologisch.Vntersuchungen
1315 1441 1353 1500 iii.

203 1518 300 1597 p.49),
310 1521 371 1580 siue
381 1539 465 1580 ueras
475 1521 608 1580 historias
620 1533 649 1580 et
658 1523 776 1580 maioris
787 1541 834 1582 res
845 1524 994 1592 momenti,
1005 1522 1104 1580 debuit
1114 1523 1143 1581 in
1155 1523 1354 1582 testimonium

203 1603 304 1661 uocari
318 1620 414 1660 rerum
424 1603 524 1679 quales
539 1603 568 1661 111
580 1603 664 1662 Ibide
679 1613 837 1663 narrantur.
862 1603 987 1680 Reliqua
1000 1604 1120 1663 nomina
1134 1603 1239 1681 partim
1254 1622 1354 1680 sump-

204 1683 240 1741 sit
261 1703 298 1742 ex
316 1683 403 1743 Trist.
421 1685 456 1743 iv.
476 1698 637 1759 10.45-54
659 1684 711 1744 nbi
731 1682 899 1761 Propertius
920 1684 1023 1746 Battus
1044 1685 1178 1744 Tibullus
1200 1683 1302 1745 Gallus
1324 1687 1354 1744 in

205 1765 355 1824 codicibus
369 1765 513 1841 leguntur,
521 1767 626 1842 partim
637 1785 672 1826 ex
682 1765 835 1842 Fulgentio
845 1765 1009 1837 Planciade‚
1024 1767 1071 1826 uel
1086 1785 1121 1824 er
1137 1767 1354 1826 commentariis

204 1847 306 1924 quales
323 1856 423 1906 extant
443 1847 531 1906 hodie
550 1848 725 1907 Arateorum
745 1847 920 1920 Gennanici,
941 1847 1102 1908 Thebaidis
1123 1848 1211 1907 Statii.
1255 1849 1355 1908 Habet

204 1928 282 1986 enim
305 1928 473 2004 Fulgentius
494 1931 663 1988 communia
684 1933 752 1989 cuin
769 1928 858 1990 ibidis
879 1931 996 1990 scholiis
1017 1949 1078 1990 non
1100 1930 1195 1988 solum
1213 1930 1353 2007 Propertii

205 2008 375 2068 Callimachi
386 2009 546 2069 Democriti
556 2011 684 2081 nomina,
694 2011 745 2070 sed
761 2011 848 2070 etiam
860 2012 969 2072 Tibulli
982 2010 1081 2088 (quem
1093 2011 1229 2071 Flaccum
1245 2011 1353 2090 uocat),

204 2091 331 2150 Lucretii
348 2109 436 2167 quem
451 2091 614 2151 Comicum.
657 2091 844 2168 Quamquam
864 2112 926 2152 non
946 2104 990 2153 est
1009 2111 1116 2170 operae
1134 2093 1230 2153 sontes
1245 2094 1355 2170 aperire

204 2182 265 2232 tam
276 2172 427 2246 futtilium3
450 2191 504 2232 nec
519 2191 590 2232 sane
601 2173 640 2232 ‘ei
656 2175 705 2249 qui
719 2173 792 2238 haec
807 2175 1029 2246 consarcinauit,
1045 2175 1217 2252 scriptorum
1233 2177 1355 2242 nomina

204 2272 364 2330 congerere
375 2264 424 2312 aut
438 2254 547 2330 fingere
559 2255 673 2314 difficile
684 2255 753 2326 tuit,’
766 2266 797 2314 ut
812 2257 842 2313 in
856 2275 886 2314 re
898 2276 958 2315 non
969 2257 1108 2325 dissimili,
1121 2255 1354 2333 Orthographiae
1429 2301 1431 2304 -

204 2333 239 2394 L.
255 2335 373 2395 Caecilii
395 2335 550 2396 Minutiani
570 2336 685 2412 Apuleii
707 2336 885 2414 fragmentis,
906 2337 1166 2398 uerissime.docet
1188 2337 1355 2416 Maduigius

204 2416 330 2498 (Opusc.
345 2418 362 2476 1.
378 2437 407 2495 p.
427 2418 522 2492 13211.
541 2417 641 2498 1834).

246 2499 357 2558 Versus
385 2517 445 2576 quo
473 2509 604 2576 tempore
628 2500 725 2576 scripti
750 2499 855 2559 luerint
880 2499 1008 2560 diuinare
1030 2500 1079 2559 uix
1102 2499 1204 2559 ausim.
1248 2499 1356 2559 Carent

204 2580 376 2658 plerumque
395 2581 470 2640 uitiis
488 2581 653 2658 prosodiae,
668 2582 724 2640 nisi
744 2581 825 2658 quod
843 2582 1042 2658 producuntur
1060 2601 1080 2640 a
1099 2601 1132 2640 us
1150 2601 1182 2640 er
1199 2583 1356 2640 nominati-

204 2679 310 2722 uorum
335 2661 482 2738 Turbaque
502 2682 555 2721 non
577 2665 693 2722 mr'rrr'rna
714 2665 850 2739 superatas
872 2664 1010 2741 uirginem
1030 2671 1057 2722 et
1074 2682 1159 2721 unam
1182 2678 1249 2738 305,
1270 2683 1357 2721 causa

204 2745 303 2803 martti
316 2744 360 2802 bis
376 2763 443 2819 31ο,
460 2743 681 2819 335112211ιί11
697 2753 793 2821 captus
809 2745 922 2803 zirdutus
936 2752 1048 2822 tergora
1067 2747 1147 2803 tauri
1159 2763 1227 2820 319.
1268 2744 1358 2802 Hanc

205 2826 411 2904 raurifacr'nus
431 2827 497 2884 huz'c
516 2828 609 2884 nocuit
620 2829 720 2902 peltas,
743 2833 830 2884 mater
850 2833 876 2884 et
894 2846 993 2886 amans
1012 2842 1079 2902 307.
1123 2826 1173 2885 Ad
1195 2845 1252 2900 273
1275 2827 1356 2903 quod

206 2908 346 2984 scripturn
361 2917 405 2967 est
418 2908 448 2966 in
463 2907 492 2966 G
502 2905 606 2966 Peccat
616 2914 726 2984 uterque
739 2909 818 2978 male,
829 2909 878 2967 sed
888 2928 948 2966 cum
966 2911 1035 2967 male
1045 2915 1140 2984 peccat
1151 2915 1261 2984 uterque
1275 2909 1357 2967 aliter

205 2989 236 3047 in
251 2989 312 3048 aliis
326 2990 461 3048 traditum
480 2989 596 3048 inueni:
626 2991 664 3049 ad
682 2992 737 3065 287
744 2991 816 3067 suit
832 2991 1007 3067 productum
1027 3000 1071 3049 est
1091 3000 1158 3048 ante
1173 2991 1312 3066 angur'bus
1327 2991 1357 3048 in

205 3071 301 3147 priore
312 3070 438 3130 clausula
448 3071 626 3147 pentametri,
637 3078 670 3130 at
677 3071 826 3130 nibilhuic
835 3071 943 3130 claudit
953 3081 1166 3149 pentametrum
1179 3089 1248 3146 307,
1273 3071 1358 3131 Talia

207 3153 303 3228 possis
324 3151 403 3228 apud
424 3153 579 3229 conplures
600 3153 725 3228 reperire
746 3153 795 3228 qui
816 3164 884 3229 post
904 3153 939 3212 A.
955 3153 992 3212 D.
1015 3172 1073 3227 300
1094 3171 1196 3212 uersus
1218 3153 1356 3212 fecerunt.

207 3233 319 3292 Contra
333 3232 465 3305 Leonini,
481 3235 531 3310 qui
552 3234 694 3306 dicuntur,
709 3251 811 3293 uersus
832 3234 902 3294 nulli
924 3244 990 3294 sunt
1010 3244 1124 3310 praeter
1139 3252 1155 3305 4
1171 3234 1357 3294 hexametros

207 3315 257 3391 qui
271 3317 301 3372 in
315 3333 376 3374 uno
387 3315 417 3375 G
429 3316 565 3392 leguntur
579 3314 616 3374 ad
630 3329 697 3391 279,
709 3333 785 3392 quos
799 3318 889 3376 serius
903 3317 1005 3376 ceteris
1020 3317 1162 3375 confictos
1177 3317 1356 3386 crediderim,

207 3397 260 3456 etsi
274 3397 312 3455 ad
329 3400 386 3472 285
400 3398 480 3473 prior
496 3415 563 3473 pars
581 3415 717 3457 uersuum
736 3407 780 3456 ter
798 3398 886 3457 habet
905 3399 936 3456 in
957 3399 1117 3474 posteriore
1134 3399 1358 3474 responsionem

147 3535 152 3542 ,
207 3479 394 3554 modo-puto,
410 3475 629 3554 potus-Ianus,
650 3481 857 3538 nemas-necis.
901 3479 960 3538 Sed
983 3480 1064 3557 quod
1085 3479 1254 3555 saepissime
1276 3479 1307 3537 fit
1328 3481 1359 3537 in

207 3560 384 3619 carminibus
403 3569 470 3636 post
490 3578 548 3636 300
566 3560 603 3618 A.
612 3560 649 3618 D.
669 3560 782 3619 laborat
803 3559 942 3637 prosodia
962 3562 993 3620 in
1013 3561 1182 3619 nominibus
1204 3561 1357 3619 hominum

207 3640 325 3700 Ddriris
351 3641 479 3700 Phe'reus
506 3640 584 3700 Milo
610 3641 813 3716 Hypermestra
840 3635 952 3701 Idnziles
979 3642 1046 3721 (pro
1075 3630 1206 3721 lunares),
1236 3643 1273 3700 de
1300 3659 1359 3719 qua

206 3741 239 3781 re
253 3724 325 3782 dixit
338 3722 474 3782 Duhnius
491 3725 521 3782 in
536 3724 709 3800 Appendice
723 3724 873 3783 Dracontii
887 3741 916 3799 p.
935 3743 1002 3796 104.
1045 3723 1143 3782 Semel
1157 3733 1269 3781 tanturn
1283 3722 1359 3781 indi-

207 3805 286 3864 cium
305 3805 402 3863 inueni
417 3806 565 3882 temporis
584 3805 654 3863 Tam
668 3804 739 3864 male
756 3807 807 3882 qui
814 3811 908 3880 peccat
925 3824 971 3863 nec
984 3805 1049 3862 deur
1061 3810 1159 3862 estnec
1172 3805 1249 3862 homo
1263 3802 1313 3882 (27
1318 3803 1359 3880 3),

208 3887 259 3963 qui
282 3903 384 3945 uersus
407 3888 550 3963 respicere
574 3886 687 3946 uidetur
709 3887 938 3947 Christianorum
960 3886 1173 3945 controuersias
1197 3884 1234 3944 de
1258 3896 1360 3944 natura

208 3968 322 4039 Christi,
338 3977 370 4026 ut
383 3978 451 4026 ante
464 3969 567 4027 Arium
581 3967 736 4047 (gro-330
749 3970 785 4027 A.
796 3967 847 4046 D.)
863 3967 947 4027 scribi
961 3968 1009 4026 11111
1021 3967 1153 4043 potuerit.

250 4049 324 4108 Sunt
334 4060 434 4108 tamen
444 4060 558 4126 praeter
568 4067 669 4109 uersus
680 4051 767 4108 etiam
779 4048 892 4108 fabulae
908 4049 1037 4119 ficticiae,
1050 4047 1156 4106 Milesii
1165 4047 1279 4107 Daretis
1291 4061 1360 4122 255,

207 4129 365 4208 Eurylochi
387 4133 453 4206 287,
471 4129 668 4212 Echecratidis
688 4149 754 4207 293,
776 4130 877 4190 Statilii
894 4140 923 4189 et
942 4129 1037 4188 Celini
1058 4143 1125 4204 295,
1144 4128 1268 4188 Broteae
1292 4143 1359 4205 297,

209 4212 357 4290 Magnatis
373 4227 440 4288 307,
456 4212 492 4272 de
509 4212 639 4272 Sardone
653 4213 759 4289 palude
776 4231 843 4288 311,
859 4212 968 4271 Alebae
985 4230 1052 4286 323,
1069 4210 1189 4269 Milonis
1206 4225 1274 4286 325,
1289 4212 1360 4270 Adi-

208 4295 300 4353 manti
317 4309 384 4370 327,
401 4294 596 4370 Astrophanei
610 4311 644 4352 ac
659 4293 820 4353 Penthidae
833 4295 899 4368 348,
915 4293 1143 4369 Hypermestrae
1160 4307 1228 4368 352,
1244 4293 1360 4352 Thero-

209 4376 356 4435 domantis
373 4379 440 4451 383,
455 4375 617 4436 Asterionis
633 4394 700 4450 419,
716 4375 753 4434 de
768 4375 909 4434 Penthide
926 4385 954 4433 et
970 4375 1159 4451 Hipponacte
1176 4387 1244 4448 447,
1259 4375 1361 4434 Theo-

210 4458 274 4516 dori
295 4457 357 4517 siue
374 4456 523 4516 Theodoti
544 4460 612 4531 465,
633 4456 789 4516 Procustae
805 4456 842 4536 (1)
865 4459 932 4532 469,
949 4455 1076 4515 Socratis
1092 4475 1160 4530 494,
1177 4455 1269 4516 *Ibici
1286 4457 1360 4534 Lydi

209 4539 284 4597 filiae
311 4558 379 4616 499,
405 4537 584 4616 *Amephini
609 4553 667 4613 503
697 4557 772 4615 quae
800 4541 829 4596 in
856 4538 881 4598 C
909 4548 937 4597 et
963 4539 1034 4598 Ask.
1063 4549 1091 4596 et
1119 4539 1184 4598 cod.
1214 4539 1361 4614 Saluagnii
