3296 5210
311 409 368 471 162
709 404 1058 468 COMMENTARIVS.

307 565 433 628 historiis
451 565 562 622 Graeca
578 562 717 620 Romanis
736 564 868 635 praetulit
888 563 1016 620 Ouidius.
1061 565 1192 630 liquidis
1210 561 1314 619 dicitur
1331 567 1467 634 respectu

307 638 402 692 nantis
415 646 445 692 ut
460 639 501 692 M.
511 636 527 691 i.
538 648 571 706 95
585 637 617 690 in
629 637 754 706 liquidas
761 636 1038 707 pinusdescenderat
1048 637 1149 704 undas,
1161 637 1222 690 Cat.
1232 635 1296 690 lxiv.
1307 651 1323 689 a
1336 637 1469 706 lt'quta'as

307 710 441 779 Neptuni
451 725 531 764 nasse
537 711 594 779 per
604 707 703 762 undas.
775 709 852 761 dum
869 711 968 762 nabat
981 706 1172 775 ‘swimming.’
1209 708 1349 776 Sperabat
1365 707 1467 760 nando

308 796 340 834 se
359 779 387 833 in
406 788 498 834 tutum
514 795 672 834 euasurum
780 781 851 832 592.
870 777 1018 846 Etetiam,
1032 778 1066 832 cs.
1080 778 1140 844 46a
1185 780 1323 844 Stygius.
1362 779 1467 846 Inepte

309 849 478 919 Saluagnius
506 850 544 904 ad
572 851 661 918 Styga
684 848 856 904 Arcadicam'
880 848 982 916 retulit,
1007 848 1088 918 quasi
1113 851 1260 902 uenenatis
1288 847 1369 919 aquis
1403 847 1466 902 Ibis

345 920 447 975 riturus
472 930 554 975 esset.
605 920 700 990 (Paus.
722 918 778 974 viii.
802 932 840 986 17.
860 920 878 973 6
897 936 967 990 sqq,
988 920 1079 974 Strab.
1100 920 1161 988 389,
1179 921 1239 974 Ael
1262 921 1299 973 H.
1318 921 1354 973 A.
1373 937 1400 974 x.
1418 933 1466 988 40,

307 935 418 1046 Manu.
431 989 487 1046 viii.
502 1004 526 1059 3,
547 992 611 1046 Sen.
631 992 668 1045 N.
683 990 718 1060 Q.
732 989 769 1044 iii.
783 1003 826 1072 25,
846 990 916 1044 Plin.
937 992 975 1044 H.
990 992 1027 1046 N.
1045 989 1073 1044 ii.
1087 1005 1146 1058 231,
1166 1009 1227 1043 xxx.
1243 1005 1302 1059 149,
1320 989 1392 1043 xxxi.
1407 989 1465 1056 26).

301 1065 438 1128 Stygius
449 1065 554 1126 liquor
566 1061 669 1116 eodem
682 1077 767 1116 sensu
780 1061 882 1116 dicitur
895 1077 952 1131 quo
965 1063 1005 1114 M.
1020 1060 1064 1115 xii.
1080 1075 1128 1128 321
1145 1060 1370 1130 ‘Mr'scemla'que
1386 1061 1468 1114 dixit

277 1147 280 1154 ’
308 1131 394 1187 ‘Cum
413 1133 500 1202 Styge
517 1133 589 1185 uana
605 1133 693 1201 babes,’
709 1132 737 1186 h.
749 1148 775 1187 e.
794 1132 876 1186 bibes
898 1148 962 1186 cum
984 1131 1051 1185 uino
1068 1141 1197 1200 mortem,
1216 1131 1363 1186 bibentem
1384 1147 1465 1185 mors

308 1219 343 1258 ex
364 1219 410 1257 me
428 1202 587 1272 occupabit.
625 1203 672 1256 Sic
691 1203 795 1272 Stygia
813 1204 899 1271 anda,
921 1219 1004 1272 aqua,
1024 1203 1142 1273 Stygiae
1162 1203 1262 1270 undae,
1284 1218 1376 1271 aquae
1397 1219 1465 1256 con-

308 1282 417 1328 stanter
434 1283 605 1342 usurpantur
626 1272 739 1328 Ouidio.
778 1273 835 1328 Sed
854 1273 976 1327 hicnon
998 1273 1071 1327 bene
1094 1273 1190 1342 Stygis
1214 1273 1260 1327 uel
1278 1271 1327 1326 leti
1348 1289 1464 1326 amnem

275 1371 279 1380 ·
308 1361 373 1399 cum
392 1344 466 1399 ueris
484 1343 565 1414 aquis
584 1343 710 1398 confudit
727 1343 830 1414 quibus
844 1343 990 1398 inimicum
1007 1345 1212 1412 strangulatum
1230 1343 1315 1412 cupit,
1328 1343 1464 1396 nimimm

308 1416 386 1496 quod
397 1432 470 1485 quae
488 1431 579 1485 aquae
596 1431 747 1484 mersurae,
765 1415 883 1469 eaedem
900 1416 958 1468 leto
975 1424 1071 1468 essent
1084 1414 1210 1472 daturae.
1242 1416 1279 1468 Et
1293 1413 1335 1468 sic
1350 1414 1464 1468 Merke-

195 1485 204 1500 '
308 1487 362 1540 hus
387 1487 425 1541 ad
449 1487 501 1540 loc.
546 1485 658 1540 Eodem
680 1486 738 1540 sere
757 1485 844 1539 modo
862 1486 931 1539 dum
949 1484 978 1539 in
999 1485 1083 1539 undis
1102 1485 1222 1540 iactatur
1243 1484 1370 1539 marinos
1392 1485 1464 1539 deos

308 1557 454 1628 alloquens
475 1555 543 1611 dicit
561 1557 680 1610 Mittere
700 1573 744 1610 me
762 1558 879 1680 Εζνῆναα
897 1559 926 1609 si
944 1557 1003 1609 iam
1024 1557 1160 1611 uoluisset
1178 1557 1219 1609 ad
1237 1557 1330 1610 undas
1349 1556 1465 1624 Caesar,

308 1627 778 1698 a'nbacuestranonegm'ssetope.
841 1645 863 1681 r.
876 1626 893 1681 i.
908 1642 931 1682 2.
945 1627 988 1696 65,
1001 1627 1026 1682 6.
1084 1631 1261 1692 strangulet
1277 1643 1334 1681 ora
1349 1631 1465 1691 liquor.

309 1697 358 1752 Sic
387 1699 423 1753 de
455 1699 543 1753 Paeto
573 1697 760 1766 naufragante
790 1698 952 1766 Propertius
983 1697 1022 1751 iii.
1047 1710 1071 1764 7.
1099 1711 1131 1767 52
1156 1699 1200 1752 Et
1227 1698 1314 1751 miser
1336 1699 1463 1751 innr‘sam

308 1770 401 1822 tram't
423 1768 521 1823 bratus
544 1785 657 1838 aquam,
681 1769 714 1838 56
737 1769 809 1824 Cum
833 1769 1001 1822 moribunda
1021 1769 1106 1839 niger
1124 1769 1266 1823 clauderet
1286 1785 1338 1822 ara
1359 1769 1463 1839 liquor.

307 1842 378 1894 593.
396 1842 556 1904 superaris
568 1838 702 1894 euaseris.
737 1839 832 1908 Agric.
845 1839 929 1893 xxxiii
946 1841 1102 1910 Superesse
1113 1845 1226 1894 tantum
1238 1841 1360 1906 itineres,
1373 1839 1465 1892 siluas

306 1911 438 2034 batt
453 1911 590 2033 {le
606 1911 810 2050 wi...
833 1913 927 2035 ...33⁴3
943 1909 1267 2035 tardatne
1289 1911 1466 2034 ”tlte

307 2051 415 2106 lumine
435 2057 538 2120 quarto
556 2052 697 2122 Prospenn'
713 1998 833 2105 Atellam
853 2068 966 2105 summa
985 2052 1115 2106 sublimis
1135 2052 1170 2104 ab
1190 2053 1276 2106 unda.
1287 1998 1464 2105 aannlatim

307 2122 447 2176 adnabam
460 2128 573 2177 terrae:
590 2123 649 2176 tam
661 2128 726 2176 tuta
741 2123 873 2191 tenebam,
886 2123 933 2176 Ni
943 2139 1016 2193 gens
1032 2122 1154 2176 cmdelis
1171 2122 1287 2176 madida
1305 2139 1370 2176 cum
1389 2127 1464 2176 ueste

302 2198 463 2264 grauatum
487 2193 726 2263 Prensantemque
749 2195 831 2247 uncis
855 2194 985 2247 manibus
1005 2195 1101 2262 captta
1124 2196 1225 2262 aspera
1248 2195 1353 2247 monta's
1373 2194 1464 2247 Ferro

307 2264 466 2330 inuasisset,
475 2263 785 2334 praedamque-agnam
793 2268 929 2334 putasset.
1014 2267 1084 2318 595.
1103 2267 1327 2318 cothurnatum
1345 2269 1463 2326 uatem,
1547 2317 1549 2320 .

308 2333 484 2404 Euripidem.
519 2337 621 2389 tutela
632 2338 761 2400 Dianae,
770 2351 855 2388 canes
865 2334 913 2404 qui
924 2333 1035 2388 Dianae
1046 2335 1147 2389 aedem
1156 2335 1315 2402 tuebantur,
1325 2343 1356 2388 ut
1366 2351 1402 2388 ex
1413 2333 1464 2402 596

308 2404 446 2474 uigilum
458 2421 561 2459 canum
574 2415 700 2474 apparet,
710 2415 737 2459 et
751 2423 785 2460 ex
799 2407 873 2474 Hyg.
885 2417 936 2471 247
949 2407 1106 2476 Eumjbtdes
1117 2405 1329 2475 tragoediarum
1340 2407 1466 2475 scmjbtor

308 2474 341 2530 in
360 2477 485 2545 templo
503 2481 684 2546 consumptus
700 2481 747 2530 est.
787 2474 834 2530 Sic
855 2478 895 2531 M.
908 2475 965 2530 viii.
979 2489 1027 2543 711
1044 2476 1144 2546 templi
1153 2477 1244 2529 tutela
1253 2476 1334 2542 fuere
1346 2475 1463 2544 (Baucis

308 2556 336 2601 et
351 2544 519 2614 Philemon),
533 2546 562 2600 id
581 2547 657 2628 quod
675 2544 833 2616 petiuerant
846 2559 907 2615 707,
919 2547 992 2600 Esse
1008 2548 1167 2614 sacerdotes,
1180 2546 1351 2616 delubraque
1367 2553 1464 2600 uestra

308 2619 386 2671 tuerr¹
395 2619 559 2682 Pascimus;
580 2633 620 2671 stc
635 2619 676 2670 M.
689 2616 727 2671 iii.
740 2617 792 2684 617
802 2617 906 2687 flauas
919 2621 1025 2688 prorae
1041 2619 1130 2672 tutela
1148 2617 1321 2672 Melanthus.
1361 2616 1419 2671 ‘Or
1431 2634 1463 2671 as

307 2689 357 2742 the
370 2688 509 2742 wrathfull
522 2687 629 2756 dogges
644 2689 705 2742 that
720 2688 788 2756 kept
802 2687 912 2742 Dianas
925 2688 1036 2757 tbinges
1054 2688 1083 2742 in
1100 2705 1206 2757 peace:
1227 2689 1261 2741 ln
1277 2704 1379 2756 peeces
1396 2705 1463 2756 may

307 2759 373 2812 thee
386 2768 472 2828 teare,
486 2775 517 2812 as
530 2775 601 2812 once
614 2759 681 2827 they
693 2758 744 2813 did
757 2758 925 2828 Euripides!
952 2761 984 2814 T.
996 2758 1184 2813 Vnderdown.
1223 2760 1290 2812 Nou
1303 2767 1346 2812 est
1361 2759 1463 2813 ‘canes

308 2828 356 2898 qui
374 2828 402 2882 in
420 2830 508 2884 tutela
519 2838 600 2883 erant
614 2829 743 2897 Dianae,'
754 2829 807 2883 etsi
823 2846 1036 2899 nonnumquam
1050 2829 1091 2883 sic
1103 2839 1253 2899 usurpatur
1265 2829 1362 2897 tutela,
1377 2829 1462 2885 Trist.

308 2897 325 2954 i.
347 2915 427 2968 10.1,
450 2917 503 2954 nec
524 2916 588 2954 raro
605 2899 720 2954 struitur
740 2917 806 2954 cum
824 2899 958 2968 genitiuo,
978 2899 1025 2970 qui
1046 2900 1156 2968 dicitur,
1177 2899 1304 2967 subiecti,
1322 2909 1353 2953 ut
1372 2900 1464 2954 tutela

308 2971 416 3040 Pn‘api
427 2971 460 3024 G.
475 2970 509 3024 iv.
528 2985 585 3038 111,
598 2976 617 3024 t.
630 2971 747 3025 dearum
761 2972 838 3025 Grat.
853 2983 914 3040 407,
927 2972 978 3037 482
992 2988 998 3037 ;
1021 2987 1107 3025 canes
1125 2981 1220 3025 autem
1240 2970 1351 3024 Dianae
1365 2987 1463 3025 sacros

308 3039 395 3094 luisse
408 3040 587 3095 notissimum
600 3051 651 3095 est.
683 3041 792 3095 Eudoc.
805 3041 878 3096 Viol.
888 3041 922 3096 iv.
937 3041 973 3096 de
983 3041 1079 3096 Diana
1087 3039 1231 3096 uenatrice
1244 3058 1332 3110 agens
1345 3041 1463 3110 Συνῳδὸν

309 3109 338 3162 δὲ
349 3109 433 3164 τούτω
445 3112 486 3163 καὶ
502 3112 532 3165 τὸ
548 3111 608 3166 τοὺς
625 3110 699 3167 κύνας
715 3112 799 3182 ἱεροὺς
814 3113 892 3179 αὐτῆς
907 3112 1067 3180 νομισθῆναι,
1079 3115 1146 3182 πρός
1162 3133 1190 3166 τε
1206 3113 1252 3166 rds
1264 3109 1344 3178 θύραε
1355 3111 1464 3181 ἔχοντας

308 3163 457 3246 ἐπιτηδείως
469 3181 510 3233 καὶ
521 3181 659 3252 ἀγρυπνεῖν
674 3182 703 3236 ἐν
719 3185 774 3238 ταῖς
789 3184 844 3250 νυξὶ
857 3184 898 3236 καὶ
910 3183 1029 3236 ὑλακτεῖν
1039 3183 1196 3252 πεφυκότας.
1233 3185 1281 3236 Ar.
1297 3183 1369 3237 Ran.
1387 3183 1462 3250 1360,

309 3253 389 3305 Crat.
408 3251 550 3320 483-496:
579 3253 700 3322 denique
723 3251 874 3322 Euripides
896 3269 913 3306 a
933 3253 1068 3307 Molossis
1087 3253 1245 3322 discerptus
1264 3251 1366 3307 dicitur
1385 3252 1462 3322 quod

308 3338 399 3404 genus
412 3339 515 3376 canum
528 3323 697 3378 uenantibus
710 3323 890 3378 utilissimum
903 3333 971 3378 erat.
1043 3328 1113 3378 999.
1130 3327 1277 3378 Dilaniet.
1310 3323 1462 3392 Euripides

309 3410 338 3446 111
349 3391 496 3446 Bennisco
508 3393 696 3448 Macedoniae
706 3395 916 3464 κυνοσπάρακτος
925 3393 1045 3450 traditur
1053 3394 1140 3450 fuisse
1150 3394 1294 3450 acanibus
1304 3411 1376 3476 quos
1389 3395 1462 3448 ἐστε-

308 3463 382 3532 ρικὰε
393 3463 557 3518 uocitabant
572 3465 746 3519 Macedones
760 3465 868 3535 (Steph.
884 3467 915 3520 B.
925 3483 946 3520 s.
956 3483 983 3520 u.
998 3465 1163 3535 bapalmas).
1195 3467 1404 3520 Hermesianax
1416 3481 1460 3534 ap.

308 3534 413 3588 Athen.
432 3535 482 3604 598
501 3535 597 3589 Εἰσόκε
616 3536 660 3589 σοὶ
679 3535 783 3605 δαίμων,
802 3535 934 3607 Εὐριπίδη,
957 3533 1038 3606 εὕρετ’
1056 3535 1166 3624 ὄλεθρον
1182 3535 1326 3606 Ἀμφιβίου
1344 3541 1463 3660 acastre

309 3604 458 3659 ἀντιάσαντι
480 3610 568 3660 κυνῶν.
607 3607 694 3662 Anth.
714 3609 743 3661 P.
762 3605 809 3660 vii.
827 3621 871 3673 44.
889 3620 908 3660 2·
927 3608 978 3659 Kal
998 3629 1030 3660 σε
1048 3605 1235 3678 λυκαρραῖσται
1253 3606 1356 3660 δεῖπνον
1375 3607 1389 3658 ἔ
1405 3627 1463 3660 εντα

309 3673 389 3731 κύνες.
427 3676 499 3731 Gell.
520 3694 562 3731 xv.
586 3691 628 3731 20.
649 3692 667 3746 9
692 3678 724 3731 Is
748 3694 811 3732 cnm
833 3680 864 3731 in
885 3677 1055 3732 Macedonia
1075 3678 1157 3748 abad
1173 3676 1348 3732 Archelaum
1369 3693 1462 3748 regem

308 3752 378 3801 esset
396 3752 576 3817 utereturque
593 3764 623 3800 eo
641 3765 694 3801 rex
700 3748 896 3818 samilz'am'ter
909 3750 1019 3802 rediens
1036 3755 1113 3803 nacte
1130 3749 1165 3802 ab
1185 3750 1246 3802 eius
1262 3764 1330 3801 cena
1347 3747 1462 3801 canibus

309 3819 466 3888 aquodam
483 3819 592 3872 aemulo
609 3819 734 3872 camiseis
750 3819 921 3873 delaceratus
937 3825 984 3873 est.
1022 3821 1081 3874 Res
1098 3818 1175 3874 uarie
1192 3817 1296 3873 tradita
1312 3827 1376 3883 est;
1393 3835 1461 3872 nam

309 3897 340 3942 ut
360 3889 490 3943 omittam
508 3905 557 3943 eos
575 3887 622 3958 qui
644 3897 674 3943 ut
691 3889 826 3943 Addaeus
845 3892 930 3944 Anth.
951 3891 982 3945 P.
1000 3889 1044 3945 vii.
1064 3902 1093 3959 51
1114 3889 1257 3958 negabant
1276 3895 1391 3958 poetam
1412 3897 1460 3943 aut

309 3973 328 4013 a
343 3958 460 4014 canibus
474 3969 522 4014 aut
535 3977 552 4014 a
564 3959 677 4013 feminis
691 3959 863 4030 discerptum
879 3977 950 4029 esse,
964 3960 1115 4030 scriptores
1132 3960 1209 4015 uitae
1222 3959 1375 4029 Euripidis,
1390 3975 1461 4029 quos

310 4029 476 4084 Dindorfius
496 4029 525 4083 in
545 4031 638 4084 Schol.
659 4033 690 4085 T.
710 4030 726 4085 i.
747 4048 794 4101 pp.
811 4043 876 4100 1-15
896 4030 1009 4086 exhibet
1028 4031 1160 4102 quinque,
1179 4048 1237 4085 non
1257 4030 1330 4098 inter
1347 4047 1378 4084 se
1395 4047 1461 4084 con·

309 4101 441 4155 sentiunt.
493 4103 604 4154 Horum
628 4101 735 4171 primus
760 4101 828 4157 dicit
852 4101 984 4156 Archelai
1014 4119 1117 4171 uagam
1145 4119 1246 4156 canem
1275 4101 1460 4155 Molossicam

309 4187 375 4224 cum
398 4172 523 4226 Thraces
542 4170 634 4241 patrio
652 4189 731 4226 more
749 4182 923 4227 mactassent
945 4173 1192 4243 comedissentque
1211 4182 1239 4227 et
1260 4171 1297 4226 ab
1318 4172 1460 4226 Archelao

309 4241 416 4295 talento
437 4243 630 4311 multarentur,
653 4242 819 4312 Euripidem
843 4245 961 4297 multam
986 4243 1186 4313 deprecatum:
1218 4252 1319 4312 postea
1340 4242 1408 4296 dum
1430 4242 1459 4297 in

309 4327 426 4365 nemore
451 4313 504 4381 (sic
525 4312 611 4367 etiam
636 4313 763 4382 quartus)
784 4313 957 4385 conquiescit
979 4313 1109 4369 uenantis
1130 4312 1262 4369 Archelai
1284 4312 1403 4367 canibus
1425 4331 1460 4368 ex

310 4397 381 4435 cane
402 4381 450 4436 illa
471 4382 554 4438 editis
574 4383 748 4439 dilaniatum.
788 4385 910 4453 Tertius,
929 4395 1014 4439 noctu
1034 4386 1071 4440 ab
1089 4385 1231 4440 Archelao
1253 4384 1420 4438 redeuntem
1442 4401 1460 4438 a

309 4450 384 4519 regis
406 4451 523 4507 canibus
544 4454 680 4523 periisse;
708 4455 830 4525 quintus,
854 4455 1003 4510 insidiatos
1024 4455 1049 4510 ei
1072 4455 1143 4510 duos
1168 4465 1268 4525 poetas
1289 4453 1458 4509 Arribaeum

312 4522 512 4593 Macedonem,
537 4526 707 4581 Thessalum
733 4528 885 4582 Crateuam
912 4526 1088 4597 persuasisse
1116 4544 1200 4584 seruo
1226 4525 1360 4582 Archelai
1389 4525 1456 4596 Lysi
