3294 5214
596 467 923 531 PROLEGOMENA.
1300 465 1344 529 lxi

188 628 263 688 festo
281 628 320 688 ad
333 628 429 706 Tydei
446 627 558 686 facinus
576 646 635 704 quo
651 627 812 704 Menalippi
831 628 983 686 cerebrum
1002 624 1152 684 exsorbuit
1169 623 1339 684 referuntur.

188 712 294 786 Itaque
315 730 351 769 ex
373 711 429 769 alio
450 728 536 768 uersu
557 710 619 768 siue
638 724 698 785 427
717 710 778 769 siue
798 723 866 784 515,
884 708 942 768 huc
962 707 1095 767 tralatum
1117 716 1169 766 est.
1210 705 1260 765 Ad
1279 709 1339 779 408

188 793 267 850 horno
277 799 360 866 porte
374 793 429 862 sur,
437 799 522 867 porte
535 793 665 850 eburneus
682 797 747 849 erat
758 791 950 866 adscripserat
965 789 1067 866 aliquis
1081 787 1268 848 Minotaurus
1281 791 1342 846 sr'ree

189 875 330 932 Asterion.
354 872 435 932 Hinc
449 873 552 948 aliquIs
566 891 680 932 mernor
691 872 861 932 Claudianei
874 889 976 931 uersus
988 889 1035 944 54.
1049 889 1066 944 9
1078 869 1142 946 Ipse
1154 877 1181 929 et
1192 871 1341 946 dispariles

189 961 312 1014 rnorrstro
331 956 490 1012 commissus
510 956 540 1013 in
560 961 641 1012 ortus
659 972 691 1011 11
717 954 787 1014 Cres
800 963 876 1029 puer
895 953 924 1013 h.
935 971 962 1011 e.
983 952 1175 1022 Minotaurus
1198 951 1344 1010 transtulit

189 1036 264 1095 haec
285 1036 323 1094 ad
345 1055 404 1110 419
428 1034 498 1095 Cres
513 1046 586 1110 pner
604 1035 744 1106 Asterion,
766 1052 892 1111 cumque
912 1051 1014 1093 uersus
1034 1033 1129 1109 primo
1151 1033 1341 1092 confluxisset

190 1118 297 1177 adiecit
324 1116 482 1176 historiam.
524 1117 659 1192 Denique
688 1116 850 1174 Hermione
878 1117 910 1174 in
936 1127 1003 1191 307,
1028 1133 1065 1174 ex
1092 1133 1149 1190 303
1175 1114 1266 1186 fluxit,
1291 1125 1341 1174 aut

189 1199 325 1258 tralatum
345 1206 467 1269 tantum,
487 1209 536 1256 aut
556 1198 690 1257 iteratum
709 1216 763 1274 pro
782 1197 954 1270 Harmonia,
973 1213 1049 1274 quae
1069 1194 1246 1256 Themisto*
1265 1215 1342 1273 nup-

190 1290 277 1347 serat,
291 1289 410 1355 eratque
424 1281 519 1357 neptis
533 1278 642 1356 Pyrrhi.

233 1361 337 1420 Restat
355 1361 484 1419 maxima
500 1371 586 1438 atque
601 1361 712 1436 optIma
725 1377 794 1438 pars
809 1359 1002 1430 Schohornm,
1017 1377 1092 1437 quae
1111 1377 1195 1418 ueras
1213 1358 1341 1435 explica-

191 1444 288 1502 tiones
303 1443 498 1518 conplectitur.
546 1441 631 1502 Haec
646 1443 746 1519 quanti
762 1443 806 1513 sit,
821 1459 934 1500 nonen
949 1441 1026 1500 notis
1041 1441 1224 1518 uulgatisque
1238 1440 1342 1499 fabulis

191 1525 367 1595 aestimabis,
390 1523 442 1582 sed
467 1523 560 1582 multo
583 1525 678 1599 magis
700 1542 736 1582 ex
761 1523 984 1582 obscurioribus.
1026 1523 1132 1582 Insunt
1155 1523 1234 1580 enirn
1259 1521 1343 1581 Ibide

192 1605 285 1664 multa
306 1622 380 1682 quae
400 1623 436 1663 er
456 1605 519 1664 solo
538 1605 612 1664 libro
630 1603 914 1682 Metamorphoseon
933 1603 1014 1663 facile
1034 1603 1172 1680 explicari
1190 1612 1343 1679 poterant;

192 1687 244 1764 qui
263 1688 334 1746 liber
353 1686 433 1744 nullo
452 1704 514 1745 non
532 1696 663 1763 tempore
682 1686 769 1745 latine
789 1687 945 1745 scientibus
963 1686 1045 1744 tritus
1064 1695 1116 1756 est,
1132 1684 1210 1743 nullo
1226 1684 1343 1744 scholiis

193 1769 296 1828 caruit.
335 1767 401 1826 Alia
428 1786 464 1826 en
489 1768 561 1827 Arte
583 1767 733 1826 Amatoria
757 1767 902 1826 Tristibus
926 1766 1065 1844 Epistulis
1088 1786 1125 1826 ex
1150 1766 1247 1825 Ponto
1271 1784 1344 1842 cog·

194 1867 318 1909 noscere
344 1849 445 1908 licuit:
481 1849 537 1907 alia
571 1867 609 1907 ex
635 1849 766 1925 Vergilio
795 1848 943 1926 Statioque
976 1859 1006 1908 et
1038 1848 1199 1908 scholiastis
1232 1865 1342 1920 eorum,

193 1933 349 2008 praecipue
378 1930 479 1990 Seruio
506 1930 725 2007 Lactantioque.
778 1929 837 1990 Sed
864 1948 927 1989 non
955 1931 996 1989 sic
1024 1930 1164 2006 expedias
1191 1929 1343 2006 quomodo

195 2013 302 2073 lactum
318 2013 353 2071 sit
367 2022 398 2071 ut
412 2013 442 2069 in
456 2021 556 2071 nostra
570 2011 678 2070 scholia
692 2012 962 2092 obscurissimarum
978 2012 1161 2071 historiarum
1180 2007 1343 2088 explIcau'O,

112 2111 115 2115 ·
194 2103 224 2153 et
245 2093 363 2170 quidem
384 2112 453 2152 uera
474 2094 637 2170 peruenerit
647 2112 655 2166 ;
681 2093 780 2170 quales
800 2102 867 2152 sunt
881 2092 1021 2152 Hermiae
1037 2112 1104 2168 319,
1119 2092 1344 2167 Eurydamantis

197 2195 265 2250 331,
287 2175 428 2234 Lirnones
448 2189 515 2250 335,
537 2175 673 2250 Aegiales
694 2190 763 2249 350,
785 2174 974 2234 Siritanorum
995 2187 1063 2250 379,
1085 2174 1259 2234 Hannibalis
1275 2176 1345 2250 389,

195 2256 283 2316 Trasi
309 2270 376 2332 477,
402 2257 498 2316 Lindii
522 2256 844 2338 sacrificiiqudlarum
871 2256 1017 2332 ulrginum
1046 2275 1114 2330 499,
1139 2256 1345 2315 Ambraciotae

195 2339 342 2397 uenatoris
357 2354 426 2413 501,
440 2339 588 2397 uenatoris
606 2337 701 2397 Carici
723 2339 784 2397 siue
804 2339 901 2414 potius
921 2337 1060 2396 Lucanici
1081 2351 1149 2411 505,
1165 2335 1259 2395 Eueni
1275 2352 1344 2412 513,

196 2418 380 2479 Callisthenis
406 2434 475 2495 519,
500 2419 646 2494 Telegoni
671 2422 739 2494 567.
794 2419 955 2479 Scholiasta
980 2417 1112 2477 Venetus
1137 2418 1170 2477 Il.
1193 2419 1260 2478 xxii.
1285 2435 1344 2494 397

195 2511 292 2559 narrat
306 2501 552 2578 Eurydamantem
567 2500 750 2573 Thessalum,
767 2500 922 2577 Thrasyllo
940 2500 1026 2558 fratre
1042 2498 1169 2558 Simonis
1184 2501 1291 2570 occiso,
1307 2502 1345 2558 ab

195 2582 254 2641 hoc
270 2583 346 2641 circa
362 2582 504 2642 tumulum
523 2582 636 2640 mortui
648 2591 792 2658 raptatum
807 2582 912 2641 luisse:
936 2580 965 2640 id
980 2599 1110 2640 narrasse
1125 2580 1344 2640 Callimachum.

196 2663 284 2739 Ipsos
306 2682 407 2723 uersus
432 2663 603 2723 Callimachi
623 2663 743 2723 Proclus
766 2664 804 2723 ad
825 2663 896 2722 Plat.
919 2663 995 2739 Rep.
1016 2682 1046 2740 p.
1067 2681 1123 2737 391
1147 2663 1223 2721 citat.
1265 2663 1345 2722 Con-

196 2756 358 2822 parentque
371 2746 444 2804 haec
458 2746 562 2805 eadem
574 2746 604 2802 in
619 2744 710 2804 Ibidis
725 2745 851 2816 scholiis,
865 2745 943 2805 unde
958 2763 993 2803 ea
1007 2745 1095 2804 ducta
1109 2745 1165 2802 nisi
1179 2762 1215 2802 ex
1231 2743 1344 2804 sincero

196 2826 295 2902 aliquo
309 2827 398 2897 fonte,
414 2828 464 2903 qui
478 2828 508 2885 ln
523 2826 659 2887 hocloco
676 2827 860 2903 incorruptus
875 2826 988 2896 mansit,
1004 2826 1073 2885 alias
1087 2825 1219 2884 foedatus
1233 2826 1271 2885 ad
1289 2844 1345 2886 nos

197 2907 366 2968 descendit?
408 2908 472 2967 iam
493 2908 633 2967 Limones
654 2908 828 2984 supplicium
849 2926 938 2967 nemo
959 2907 1122 2978 Romanus,
1143 2906 1225 2984 quod
1245 2909 1344 2980 sciam,

196 2990 386 3050 memorauit:
408 2998 525 3049 seruant
543 2989 574 3049 id
592 3000 691 3048 tamen
710 2990 821 3049 scholia
835 2988 934 3061 Ibidis,
950 2998 1036 3066 atque
1056 2988 1132 3048 adeo
1146 3007 1214 3048 cum
1228 2988 1345 3049 Graeco

197 3071 317 3130 nomme
332 3090 391 3148 quo
405 3071 487 3130 locus
500 3072 525 3130 is
538 3071 692 3148 insignitus
706 3082 758 3132 est.
800 3071 991 3131 Siritanorum
1004 3071 1185 3148 tragoediam
1201 3084 1258 3147 379
1270 3089 1346 3130 unus

199 3151 402 3211 Romanorum
430 3153 558 3212 IustInus
586 3172 636 3212 xx.
666 3173 681 3212 a
712 3153 846 3224 seruauit,
872 3153 1052 3212 Graecorum
1075 3150 1254 3229 Lycophron
1278 3171 1345 3212 cum
1412 3157 1416 3164 '

199 3233 324 3292 Scholiis
342 3235 374 3292 in
395 3253 463 3292 eum
477 3253 511 3293 ac
525 3234 644 3293 Tzetza.
689 3234 775 3293 Vnde
789 3235 876 3310 igitur
890 3233 982 3293 Ibidis
1002 3233 1156 3292 scholiasta
1173 3243 1345 3310 conpertum

198 3315 298 3373 habuit
313 3333 349 3374 eo
365 3315 549 3374 referendum
564 3333 628 3374 esse
642 3316 788 3375 distichon
804 3331 872 3392 379,
889 3317 968 3390 380?
994 3314 1065 3373 Non
1079 3333 1116 3373 ex
1131 3314 1252 3386 Iustin0,
1267 3315 1347 3392 apud

198 3414 287 3471 quem
302 3395 339 3454 de
355 3397 481 3455 Thracia
495 3397 631 3455 Minerua
651 3415 690 3456 ne
710 3398 832 3456 uerbum
853 3398 980 3474 quidem.
1023 3395 1175 3455 Confirrno
1189 3397 1346 3474 antIquitus

198 3478 229 3536 id
256 3477 393 3536 traditum
421 3479 518 3550 fuisse,
544 3496 722 3555 quamquam
749 3480 885 3538 turbate:
918 3497 973 3537 nec
1001 3476 1103 3537 dubito
1131 3479 1256 3536 eandem
1284 3497 1346 3537 rem

198 3577 217 3616 a
239 3557 419 3620 Callimacho
440 3569 592 3630 narratam,
614 3559 720 3618 eodem
742 3569 815 3619 teste
841 3559 1010 3619 Scholiasta.
1061 3559 1108 3618 De
1132 3560 1234 3618 ceteris
1255 3578 1347 3619 unum

199 3639 266 3698 dico
285 3640 366 3716 quod
381 3639 555 3700 Merkelium
574 3640 842 3718 Schneiderumque
860 3642 956 3712 latuit;
980 3641 1090 3716 aliquas
1109 3640 1188 3717 apud
1203 3641 1347 3700 Nonnum

199 3731 298 3780 extare
322 3722 353 3778 ln
374 3729 511 3796 Συναγωγῇ
530 3724 662 3797 Ἰστοριῶν
682 3742 732 3800 pp.
751 3725 809 3797 986
833 3741 896 3800 sqq.
920 3732 990 3780 tom.
1010 3723 1038 3781 ii.
1063 3739 1187 3797 operum
1213 3722 1347 3798 Gregorii

200 3802 377 3861 Nazianzeni
393 3803 438 3862 ed.
454 3803 565 3879 Migne,
581 3804 633 3862 sed
648 3803 778 3863 Graece:
800 3802 966 3862 Anaxarchi
980 3823 1026 3873 nv,
1042 3802 1177 3862 Herculis
1192 3821 1259 3862 cum
1274 3803 1347 3861 Thi-.

199 3884 358 3942 odamante
371 3903 406 3943 ac
418 3884 585 3962 Dryopibus
599 3887 646 3957 xli,
658 3885 830 3944 Lindiorum
845 3885 888 3943 lvi.
925 3884 995 3943 Non
1010 3884 1090 3960 quod
1103 3884 1173 3942 hinc
1186 3884 1216 3942 in
1232 3882 1348 3943 Scholia

200 3965 291 4024 Ibidis
302 3967 442 4037 uenerint,
453 3985 521 4025 narn
532 3985 607 4043 quae
618 3968 648 4024 in
662 3967 707 4024 his
722 3985 867 4044 nusquam
879 3975 1028 4042 conparet,
1039 3965 1158 4024 historia
1168 3964 1348 4024 Cleombroti

200 4047 405 4106 Ambraciotac
421 4044 502 4126 (493,
518 4051 550 4126 4)
569 4066 631 4106 non
650 4048 748 4108 solum
769 4048 848 4125 apud
863 4047 1014 4119 Nonnum‚
1030 4056 1198 4124 ceterosque
1213 4046 1349 4122 Gregorii

201 4129 372 4204 interpretes
393 4139 480 4203 extat,
503 4130 660 4189 sedetiam
682 4130 760 4206 apud
782 4129 955 4189 Ciceronem
978 4130 1068 4187 Tusc.
1088 4126 1170 4205 Disp.
1190 4129 1208 4187 i.
1228 4147 1276 4203 34,
1292 4129 1348 4188 Pro

201 4209 313 4268 Scauro
327 4209 342 4284 ξ
357 4229 387 4282 4,
399 4210 481 4270 Lact.
495 4212 533 4270 iii.
552 4215 597 4281 18,
612 4221 641 4270 et
654 4211 759 4270 eodem
773 4221 846 4271 teste
861 4211 1003 4270 Cicerone
1019 4210 1188 4270 Callimachi
1205 4212 1349 4286 epigram·

200 4300 279 4350 mate
300 4292 445 4352 celebrata
466 4302 518 4353 est.
561 4293 650 4366 Quod
670 4311 741 4352 sane
760 4293 885 4351 mirum:
906 4293 1035 4352 fabulam
1055 4311 1130 4368 quae
1149 4292 1256 4352 multos
1275 4294 1349 4369 opti·

198 4389 325 4452 ,mosque
337 4373 436 4432 habuit
447 4384 590 4446 auctores
599 4374 629 4433 in
639 4373 683 4434 his
693 4373 914 4447 Callimachum,
926 4374 1119 4434 Scholiastam
1130 4374 1205 4434 adeo
1216 4374 1351 4435 fefellisse

508 4546 523 4580 ¹⁸
539 4545 578 4594 An
588 4543 641 4592 hinc
653 4544 675 4590 in
688 4543 763 4593 Schol.
778 4552 824 4608 ²97
836 4545 900 4592 uenit
914 4542 1047 4594 Themisto?
