3294 5214
572 441 575 447 ’
640 483 968 547 PROLEGOMENA.
1289 488 1379 548 xxm

223 640 302 700 ibide
324 641 591 718 abAegyptiorum
612 644 667 701 ritu
688 661 723 702 ac
743 661 826 702 more
847 641 1021 703 discessisse.
1063 642 1106 702 Hi
1126 644 1204 703 enim
1226 652 1377 722 tamquam

223 740 337 781 sacram
352 725 583 796 uenerabantur3
606 733 694 800 atque
707 725 782 784 adeo
797 743 858 783 non
874 725 1045 784 inmundam
1061 725 1206 784 ducebant
1219 736 1251 784 ut
1265 743 1324 802 qua
1337 741 1375 785 ex

223 822 300 881 aqua
313 804 367 862 ibis
381 804 508 876 bibisset,
524 823 589 864 eam
605 805 697 865 solam
715 807 746 864 in
764 806 853 866 sacris
867 806 1039 866 adhiberent
1052 804 1128 882 (Ael.
1144 805 1184 867 H.
1199 807 1235 866 A.
1250 808 1296 865 vii.
1312 802 1374 882 45).

224 883 315 956 Quod
324 886 410 961 igitur
418 886 478 943 ibin
488 887 602 946 induxit
613 897 762 963 tamquam
773 888 892 964 dignam
902 886 1248 953 deuotionibus,Graecos
1257 898 1374 947 secutus

222 967 355 1039 uidetur;
377 984 447 1026 nam
469 968 509 1026 sie
531 965 743 1045 Aristophanes
764 969 875 1028 dixerat
890 968 957 1036 Ἰβις
977 970 1123 1044 Λυκούργῳ,
1144 979 1176 1028 ut
1196 970 1323 1029 alienum
1344 977 1375 1029 et

222 1047 400 1124 Aegyptium
421 1058 543 1107 notaret.
585 1049 666 1126 Ergo
686 1060 735 1108 aut
753 1047 884 1110 Graecus
901 1050 1013 1127 origine
1030 1050 1206 1127 Apollonius
1227 1069 1290 1109 non
1310 1050 1371 1122 fuit,

223 1129 304 1204 quod
325 1129 446 1188 fortasse
463 1129 591 1189 declarat
610 1131 700 1190 rarius
719 1132 792 1190 inter
810 1131 941 1190 Graecos
961 1149 1072 1190 nomen
1092 1132 1180 1208 patris
1201 1131 1290 1190 Hillei
1310 1131 1373 1192 siue

224 1209 301 1269 Sillei
323 1208 393 1290 (Vit.
416 1229 462 1287 ap.
487 1210 563 1270 Keil.
587 1230 616 1288 p.
640 1210 721 1290 534),
746 1221 796 1271 aut
820 1231 889 1271 eum
913 1212 1109 1272 Callimachus
1133 1222 1283 1289 tamquam
1306 1218 1372 1286 βαρ-

221 1295 358 1364 βαρίζοντα
385 1310 441 1351 nec
469 1293 537 1352 satis
562 1291 674 1352 Graece
701 1295 862 1370 sapientem
889 1303 991 1352 notare
1014 1294 1156 1354 uoluerat.
1208 1294 1287 1354 Nam
1311 1311 1372 1371 quo

221 1373 318 1448 magis
337 1373 401 1449 ipse
418 1373 601 1432 locutionem
623 1374 777 1434 affectabat
801 1375 883 1434 cuius
902 1385 931 1433 et
954 1376 1097 1452 exquisita
1118 1383 1148 1434 et
1167 1393 1236 1434 uere
1258 1374 1373 1434 Graeca

223 1463 252 1511 et
275 1465 374 1512 tamen
399 1455 515 1531 propria
540 1455 635 1514 forma
659 1464 743 1528 esset,
765 1456 823 1516 hoc
843 1457 937 1515 acrius
961 1457 993 1514 in
1016 1456 1159 1532 discipulo
1181 1457 1372 1515 insectatums

222 1533 276 1594 fuit
295 1535 503 1613 quodcumque
524 1536 571 1595 uel
593 1537 710 1596 sordere
731 1538 779 1596 uel
801 1538 888 1596 nimis
909 1555 1018 1612 magna
1038 1537 1155 1613 spirare,
1176 1536 1224 1596 uel
1244 1537 1371 1614 denique

221 1616 262 1673 ita
285 1616 323 1674 ad
347 1634 414 1676 suas
434 1627 511 1676 artes
531 1618 670 1677 accedere
690 1619 839 1690 iudicarat,
858 1628 892 1677 ut
914 1637 965 1677 eas
985 1628 1084 1677 tamen
1106 1636 1159 1694 per
1179 1619 1373 1678 imitationem

222 1696 392 1757 traduceret.
434 1697 540 1775 Neque
564 1698 622 1759 hoc
646 1699 713 1758 ideo
738 1701 885 1776 inprobes,
909 1699 991 1776 quod
1015 1699 1190 1777 Apollonius
1214 1708 1372 1776 postquam

223 1777 364 1838 Rhodum
385 1781 542 1850 secesserit,
563 1799 630 1840 uere
649 1780 778 1840 Graecus
798 1792 888 1857 poeta
908 1781 1040 1841 euaserit.
1083 1780 1163 1840 Nam
1183 1798 1243 1858 quo
1265 1781 1372 1840 diutius

222 1859 297 1918 inter
322 1859 452 1920 Graecos
479 1872 676 1921 commoratus
701 1871 752 1932 est,
777 1862 834 1922 hoc
861 1864 926 1939 plus
951 1881 983 1921 se
1006 1862 1165 1922 excolebat.
1208 1861 1268 1935 Qui
1292 1862 1372 1921 siin

222 1939 306 1999 Ibide
320 1951 471 2018 tamquam
485 1941 643 2020 Aegyptius
657 1944 822 2002 diffamatus
836 1954 880 2003 est
894 1963 911 2002 a
923 1943 1037 2003 Graeco
1052 1953 1080 2002 et
1093 1943 1266 2018 βαρβαρίζων,
1277 1943 1373 2022 potuit

222 2020 419 2082 Callimachus
443 2033 474 2083 ut
498 2025 641 2083 inerudito
665 2025 835 2095 doctrinam,
862 2026 902 2084 sic
928 2026 1065 2102 Aegypto
1086 2025 1294 2085 Alexandriam
1318 2042 1372 2101 op·

223 2120 342 2179 ponere.
378 2105 428 2163 An
441 2114 470 2164 et
485 2104 614 2182 Serapim,
629 2107 679 2184 qui
694 2107 765 2166 deus
780 2108 817 2165 ab
831 2106 1035 2166 Alexandrinis
1053 2107 1238 2182 potissimum
1257 2104 1372 2166 coleba-

223 2193 278 2255 tur,
300 2187 402 2245 ceteris
422 2187 636 2264 Aegyptiorum
656 2189 825 2246 numinibus
849 2188 1011 2264 opposuit?
1047 2187 1134 2246 Certe
1155 2188 1186 2246 in
1207 2187 1301 2246 anulis
1322 2187 1373 2264 qui

226 2264 373 2343 Serapidis
391 2278 479 2344 caput
498 2269 676 2345 insculptum
696 2279 803 2344 gerunt
820 2269 974 2346 inscriptus
992 2268 1090 2327 titulus
1110 2269 1212 2327 dicitur
1229 2268 1373 2343 aKirtgio

224 2345 365 2424 (Antique
375 2348 467 2408 Gems
476 2369 505 2427 p.
518 2351 589 2422 340)
605 2349 650 2409 his
660 2350 756 2408 uerbis
770 2360 876 2406 urxno
892 2360 1033 2406 cnrxnrc
1047 2359 1115 2405 rou
1130 2359 1281 2408 consors.
1303 2348 1375 2408 Hoc

224 2429 249 2487 si
267 2438 418 2506 tamquam
436 2433 586 2506 proprium
603 2449 709 2490 munus
725 2431 840 2508 Serapis
858 2430 966 2501 habuit,
981 2430 1011 2488 id
1032 2440 1131 2489 autem
1152 2448 1214 2489 non
1233 2431 1324 2489 semel
1342 2432 1374 2488 in

224 2508 397 2569 Callimachi
411 2513 523 2588 scriptis
540 2512 685 2570 inuenitur
701 2521 733 2571 ut
747 2511 886 2571 Liuorem
905 2511 952 2570 uel
966 2511 1112 2571 Inuidiam
1129 2528 1147 2569 a
1167 2529 1198 2570 se
1212 2511 1374 2582 amoliatur,

224 2591 255 2648 in
268 2591 353 2651 huius
368 2610 486 2669 quoque
500 2592 591 2666 Ibide,
607 2594 648 2652 sic
662 2594 738 2652 utin
754 2593 909 2665 Ouidiana,
923 2593 1005 2652 latuit
1018 2592 1142 2652 fortasse
1156 2591 1277 2668 relligio.

778 2766 843 2841 IV.

265 2916 376 2975 Contra
395 2917 544 2976 inimicum
566 2935 659 2990 suum,
681 2917 812 2994 quisquis
832 2917 893 2989 fuit,
915 2924 996 2974 tanto
1018 2915 1112 2992 magis
1134 2912 1259 2974 Ouidius
1280 2915 1377 2974 saeui-

224 3005 305 3056 turus
326 3006 395 3066 erat,
411 3009 521 3074 quanto
537 3000 678 3058 maiorem
691 3000 826 3070 iniuriam
843 2999 1043 3058 ulciscebatur.
1085 2994 1164 3055 Nam
1178 2995 1375 3056 Callimachus

224 3079 343 3137 riualem
363 3079 482 3137 ludebat
501 3081 600 3157 potius
620 3098 710 3158 quam
730 3080 840 3151 oderat,
855 3097 982 3156 eumque
1002 3079 1119 3138 exulem
1140 3077 1217 3148 fecit,
1232 3095 1294 3136 non
1311 3077 1374 3155 ipse

224 3158 293 3217 exul
306 3162 345 3219 ab
358 3177 395 3219 eo
410 3159 503 3219 factus
517 3171 569 3220 est.
612 3160 720 3221 Ouidio
739 3179 816 3238 quae
835 3162 952 3237 grauior
968 3168 1083 3236 poterat
1100 3159 1232 3218 accidere
1248 3159 1374 3241 iniuria?

225 3240 306 3300 Vidit
319 3259 352 3300 se
366 3259 402 3300 ex
417 3258 532 3300 summa
546 3242 661 3302 fortuna
674 3260 709 3301 ac
723 3243 856 3302 felicitate
870 3242 1014 3300 deiectum
1029 3249 1163 3317 repente;
1182 3239 1281 3298 Roma
1294 3241 1374 3299 abire

225 3322 321 3382 iussus
332 3332 375 3381 est
387 3322 439 3381 sed
449 3333 478 3382 et
488 3323 585 3383 hieme
599 3332 628 3384 et
641 3325 671 3382 in
684 3325 768 3383 locos
779 3324 926 3396 desertos3
945 3322 1076 3399 publicus
1089 3330 1178 3399 poeta
1191 3339 1228 3380 ex
1239 3321 1373 3380 omnium

225 3413 386 3480 conspectu
407 3405 531 3464 secessit
575 3404 653 3464 Nam
675 3406 858 3481 Cyrenaeum
879 3405 999 3481 quidem
1020 3403 1175 3480 populares
1197 3402 1241 3461 sui
1261 3411 1374 3474 norant,

225 3495 311 3543 norat
324 3485 519 3558 Alexandria;
545 3487 639 3561 potuit
655 3487 742 3545 etiam
756 3487 887 3546 Athenas
907 3495 937 3545 et
954 3485 986 3544 in
999 3485 1102 3544 Asiam
1114 3483 1282 3560 insulasque
1295 3483 1374 3544 fama

224 3566 386 3643 peruenire.
428 3566 468 3624 At
488 3567 627 3628 Ouidium
647 3577 726 3627 totus
747 3577 887 3626 terrarum
911 3567 1000 3637 orbis,
1020 3566 1117 3624 omnis
1137 3567 1207 3624 urbs
1229 3565 1374 3624 Romanis

225 3647 341 3707 subdita
355 3647 532 3708 celebrabat:
554 3657 725 3725 tantumque
739 3649 812 3708 inter
826 3648 961 3725 aequales
975 3648 1130 3717 eminebat,
1144 3655 1177 3704 ut
1190 3654 1258 3722 post
1267 3645 1373 3721 Vergi-

224 3727 296 3786 lium
310 3728 525 3806 Horatiumque
537 3740 687 3808 tamquam
701 3733 805 3789 unicus
818 3741 907 3806 poeta
920 3737 1107 3805 spectaretur.
1143 3726 1207 3786 Iam
1220 3725 1374 3786 recordare

226 3809 319 3886 qualis
338 3811 381 3868 uir
398 3809 491 3883 fuerit,
507 3821 618 3888 quanto
637 3812 723 3882 cultu,
744 3829 833 3888 quam
852 3810 994 3886 exquisita
1015 3819 1083 3880 arte,
1103 3807 1208 3878 studio,
1223 3807 1373 3879 doctrina3

226 3908 326 3954 rursus
340 3909 429 3969 quam
444 3893 568 3969 simplex
581 3893 790 3969 candidusque,
804 3892 900 3968 plane,
914 3889 995 3967 quod
1009 3889 1079 3949 dicit
1091 3889 1175 3947 Plato
1187 3886 1275 3968 (Rep.
1291 3886 1373 3967 495),

226 3975 277 4029 ὑπὸ
298 3977 384 4048 mmsis
407 3976 569 4047 καταληφθὲν
588 3979 704 4048 γενναῖον
724 3978 764 4031 xal
787 3974 816 4030 εὖ
838 3974 1010 4047 τεθραμμένον
1030 3971 1099 4042 ἦθος.
1151 3968 1231 4028 Nam
1254 3979 1288 4027 ut
1309 3971 1373 4044 ipse

226 4062 345 4113 testatur
360 4053 447 4113 Trist.
462 4055 488 4113 ii
505 4058 563 4130 5⁶3
578 4073 642 4133 sqq.

390 4134 462 4196 Non
480 4155 538 4213 ego
558 4137 689 4196 mordaci
709 4134 847 4196 destrinxi
867 4135 994 4195 carmine
1016 4149 1203 4210 quemquam,

432 4217 497 4277 Nec
518 4236 601 4277 meus
622 4218 706 4277 ullius
726 4219 847 4277 crimina
868 4233 969 4275 uersus
989 4215 1085 4273 habet.

389 4296 540 4358 Candidus
562 4319 579 4358 a
601 4299 708 4359 salibus
730 4301 846 4358 suffusis
867 4298 932 4357 felle
952 4297 1073 4373 refugi..

377 4395 397 4450 J
432 4379 520 4439 Nulla
540 4392 686 4440 uenenato
707 4381 799 4440 littera
819 4381 911 4438 mixta
930 4379 996 4437 ioco
1018 4387 1070 4436 est.

392 4461 472 4519 Inter
492 4471 536 4521 tot
556 4463 666 4539 populi,
688 4471 732 4521 tot
752 4462 850 4538 scripti
871 4460 960 4518 millia
980 4459 1079 4530 nostri,

433 4541 531 4613 Quem
553 4562 620 4603 mea
641 4544 772 4620 Calliope
792 4543 914 4612 laeserit,
936 4559 1012 4601 unus
1033 4558 1099 4617 ego.
