3312 5200
303 444 341 502 86
781 436 962 498 SCHOLIA

340 616 408 674 494.
428 595 474 656 Vt
502 595 561 674 qui
589 595 814 656 Socraticum.
867 594 999 655 Historia
1024 594 1098 655 haec
1121 605 1165 654 est
1190 594 1227 654 de
1249 595 1454 656 Theombroto

298 679 481 741 Ambraciota
505 679 623 755 dequo
647 677 752 737 Cicero
775 678 805 735 in
827 676 1004 736 Tusculanis
1027 676 1258 749 Quaestionibus
1279 677 1348 736 facit
1368 696 1454 736 men·

298 763 408 822 tionem
430 769 459 820 et
480 759 649 819 Lactantius
669 759 700 816 in
721 758 950 831 Quaestionibus
971 757 1087 818 Diuinis
1107 757 1186 836 (IIL
1211 754 1276 836 18):
1303 760 1354 836 qui
1374 760 1454 819 lecto

299 843 431 902 Platonis
446 843 482 900 de
497 841 710 900 immortalitate
725 840 840 900 animae
855 841 972 916 saepius
989 840 1064 900 libro
1077 841 1127 898 ubi
1145 840 1291 899 inducitur
1306 841 1453 911 Socrates,

300 942 332 984 se
356 924 393 984 de
417 941 489 983 saxo
512 922 700 1000 praecipitem
723 921 811 994 dedit,
833 922 926 980 multo
948 921 1052 980 melius
1075 921 1205 981 futurum
1228 922 1352 982 credens
1375 922 1454 981 mori

298 1023 390 1084 quam
411 1005 518 1064 uiuere.
561 1003 629 1064 Cod.
645 1005 683 1078 36
699 1001 859 1062 Summani
869 1002 1019 1062 Pataurm'.

342 1101 411 1163 495.
432 1084 477 1144 Vt
497 1085 555 1163 qui
576 1085 743 1144 Theseae.
795 1084 841 1144 De
855 1083 961 1160 Aegeo
976 1084 1053 1144 dicit.
1099 1083 1135 1144 G.

341 1167 478 1244 Aegeum
492 1176 604 1244 patrem
619 1165 728 1225 Thesei
745 1167 836 1242 tangit
850 1167 897 1225 cui
911 1164 1047 1226 Theseus
1061 1164 1099 1224 ad
1111 1164 1311 1225 Minotaurum
1327 1165 1454 1226 tendens

299 1267 368 1310 curn
382 1249 472 1325 nigris
486 1249 558 1308 uelis
572 1248 653 1325 quod
667 1259 727 1306 erat
741 1248 860 1324 signum
876 1247 1006 1306 tristitiae
1027 1247 1200 1324 promiserat
1221 1265 1253 1307 se
1273 1257 1454 1307 mutaturum

300 1333 384 1407 nigra
405 1331 471 1390 uela
494 1331 526 1389 in
546 1329 613 1390 alba
633 1329 658 1388 si
683 1328 884 1388 Minotaurum
905 1329 1042 1388 uinceret.
1103 1347 1163 1406 quo
1186 1329 1306 1389 tandem
1329 1331 1409 1388 uicto
1435 1349 1455 1388 a

300 1413 420 1472 Theseo
445 1421 551 1471 haume
574 1428 643 1488 prae
663 1410 768 1470 laetitia
793 1410 876 1469 obliti
898 1419 967 1469 sunt
988 1420 1098 1470 mutare
1120 1410 1202 1469 uela:
1231 1429 1307 1488 quae
1329 1412 1400 1487 quia
1422 1411 1456 1469 in

300 1494 393 1556 reditu
414 1502 495 1572 pater
515 1492 552 1552 de
571 1510 638 1552 arce
660 1509 713 1552 sua
734 1492 816 1568 nigra
836 1493 911 1551 uidit
927 1491 1017 1550 filium
1032 1509 1116 1550 suum
1132 1501 1238 1569 putans
1253 1501 1402 1551 mortuum
1417 1493 1455 1552 de

299 1576 404 1637 eadem
418 1593 484 1634 arce
499 1593 531 1634 se
545 1574 575 1632 in
589 1591 670 1632 mare
685 1573 892 1650 praecipitauit,
907 1592 925 1632 a
942 1591 1002 1650 quo
1023 1573 1133 1633 dictum
1154 1582 1199 1633 est
1213 1571 1351 1650 Aegeum
1372 1592 1453 1633 mare

300 1659 407 1734 etipse
421 1656 525 1716 dicitur
538 1656 568 1714 in
583 1655 655 1714 mari
669 1655 820 1714 deificatus
835 1673 909 1715 esse.
953 1654 987 1715 C.

343 1740 412 1815 496.
432 1748 470 1797 ut
487 1737 595 1796 Iliaca
613 1738 738 1796 missus
759 1738 801 1796 ab
822 1755 900 1796 arce
921 1755 1013 1812 puer.
1046 1735 1204 1796 ‘Astianax
1222 1735 1298 1796 filius
1312 1735 1453 1796 Hectoris

300 1836 391 1898 quem
405 1819 505 1878 Vlixes
520 1819 557 1876 de
571 1819 640 1877 turri
654 1819 862 1904 praecipitauit.
907 1817 944 1878 G.

344 1913 412 1976 497.
433 1899 478 1958 Vt
499 1901 608 1958 teneri
630 1900 752 1959 nutrix.
795 1900 861 1960 Ino.
906 1898 943 1959 G.

343 1979 469 2064 [Dicitur
498 1982 535 2040 de
549 1981 626 2040 Inoe
640 1999 716 2058 quae
732 1980 878 2041 Bacchum
892 1989 1054 2040 extractum
1069 1980 1106 2040 de
1126 1989 1228 2040 uentre
1244 1980 1375 2040 Semeles
1389 1981 1454 2040 eius

301 2064 412 2126 sororis
433 2081 450 2122 a
488 2080 545 2122 oue
567 2062 734 2121 fulminatae
755 2063 873 2122 nutriuit
893 2072 922 2122 et
943 2081 1032 2122 suasu
1047 2061 1171 2122 Iunonis
1189 2081 1243 2139 per
1256 2062 1455 2138 Tisiphonem

301 2145 440 2206 insaniuit
460 2153 489 2203 et
509 2161 577 2204 cum
596 2144 656 2204 filio
678 2143 830 2204 Melicerta
851 2140 910 2226 [se]
931 2145 962 2202 in
983 2163 1064 2203 mare
1088 2144 1300 2221 praecipitauit,
1326 2143 1454 2204 Ouidius

302 2226 393 2286 Meta.
439 2225 466 2286 C
477 2225 585 2284 ctAsk.

344 2310 413 2383 498.
441 2306 486 2366 Vt
520 2307 576 2366 cui
610 2326 713 2367 causa
750 2308 854 2367 necis.
939 2305 1043 2365 Perdix
1055 2305 1106 2365 luit
1117 2306 1455 2385 neposDaedali,quem

302 2389 408 2451 Perdix
431 2385 526 2466 nepos
549 2387 673 2448 Daedali
698 2406 805 2448 serram
827 2398 857 2448 et
897 2390 962 2466 ipse
983 2389 1132 2447 Daedalus
1153 2389 1261 2460 docuit,
1276 2389 1330 2448 sed
1350 2398 1456 2466 postea

302 2473 359 2532 alia
390 2472 582 2531 instrumenta
610 2471 727 2530 inuenit.
777 2470 855 2530 unde
898 2471 985 2530 nimis
1007 2471 1122 2540 doctus
1137 2471 1174 2528 ab
1196 2488 1233 2529 eo
1253 2471 1324 2547 quia
1341 2489 1455 2530 serram

303 2554 461 2626 Daedalus,
479 2561 599 2630 propter
618 2552 766 2624 inuidiam,
788 2571 856 2612 eum
897 2553 1001 2629 reperit
1014 2551 1183 2612 interfectus
1197 2560 1250 2611 est.
1293 2551 1333 2610 P.

303 2636 504 2716 praecipitauit
517 2635 548 2692 in
562 2636 644 2693 mari.
689 2633 726 2694 G.

345 2737 413 2794 499.
448 2716 572 2775 Lindia
616 2733 651 2774 se
694 2715 857 2792 scopulis.
940 2714 1042 2774 Lidiae
1057 2714 1185 2792 uirgines
1199 2713 1457 2776 conuitiaBaccho

304 2799 449 2862 Hercules
462 2799 555 2857 boues
566 2797 718 2857 cuiusdam
729 2798 858 2857 comedit
899 2798 1065 2874 ingerentes
1087 2807 1116 2855 et
1137 2797 1244 2856 festum
1267 2798 1330 2856 eius
1354 2797 1457 2874 prcffa·

341 2948 402 2996 494.
420 2945 436 2983 a
453 2927 588 2982 Broclade
599 2930 697 2982 Pataa.
769 2929 872 2981 Seriora
890 2929 931 2981 bic
949 2937 979 2981 ut
997 2930 1098 2982 ueriora
1111 2928 1228 2997 praetuli
1244 2947 1390 2996 quanquam
1409 2946 1459 2981 non

304 3014 363 3056 ante
374 3019 439 3054 saec.
446 3000 502 3051 XV
505 3001 673 3052 innotuerunt.
696 2998 798 3052 Habent
809 3000 876 3053 hanc
888 3001 1120 3068 interpretationem
1132 3001 1180 3053 duo
1190 3001 1308 3053 Vaticani
1316 2998 1375 3054 Pal.
1387 3013 1455 3064 1709

304 3083 328 3128 et
346 3073 409 3140 Reg.
424 3070 558 3137 20⁶1,abi
576 3071 733 3136 Iheobrotus,
745 3073 786 3123 uti
803 3072 830 3122 in
847 3072 986 3137 Patauino,
998 3071 1100 3134 dicitur,
1113 3089 1177 3138 quae
1185 3073 1282 3136 forma
1300 3073 1408 3124 nominis
1427 3073 1455 3123 in

304 3140 429 3197 nonnullis
442 3140 563 3194 codicibus
575 3141 781 3194 Tusculanarum
791 3143 813 3192 I.
826 3157 867 3206 34.
879 3145 911 3205 84
925 3143 1062 3195 inuenitur.
1088 3141 1258 3195 Cleombrotus
1269 3162 1287 3195 a
1298 3141 1459 3194 Callimacho

304 3215 381 3282 Epig.
394 3212 482 3264 XXV.
498 3228 509 3263 1
524 3213 673 3265 nominatur
683 3224 708 3265 et
719 3213 746 3265 in
758 3214 858 3281 optimis
870 3212 991 3265 codicibus
1005 3211 1138 3265 Ciceronis.
1172 3214 1248 3266 Mira
1258 3224 1297 3267 est
1309 3215 1335 3265 in
1349 3214 1392 3265 hoc
1405 3213 1458 3265 loco

304 3283 407 3338 inscitia
424 3282 630 3345 scholiastarum,
649 3301 756 3350 quorum
776 3284 799 3336 G
816 3283 877 3336 haec
891 3282 970 3336 babet
989 3276 1115 3335 Socrates
1136 3282 1247 3336 insanus
1265 3299 1316 3351 pro
1334 3282 1457 3351 quodam

304 3353 437 3421 discipulo
449 3367 499 3405 suo
511 3351 651 3419 Alcipiade
664 3351 723 3421 (sic)
736 3352 825 3406 hausit
837 3368 976 3406 uenenum
988 3358 1018 3406 et
1031 3353 1125 3420 euasit,
1138 3352 1227 3406 hausit
1245 3369 1313 3407 uero
1331 3369 1382 3422 pro
1401 3352 1457 3406 deo

305 3424 366 3496 (do)
380 3429 409 3477 et
420 3423 511 3492 periit.
547 3438 632 3491 quare
643 3422 708 3476 dum
721 3423 782 3476 libri
792 3424 836 3476 sui
848 3440 864 3476 a
879 3423 971 3492 phebo
983 3429 1174 3476 cremarentur
1185 3424 1297 3493 quidam
1309 3424 1458 3492 discipulus

304 3511 369 3550 suus
381 3495 468 3548 uoluit
481 3493 613 3562 quosdam
625 3494 751 3562 exempla
762 3494 863 3548 habere
880 3493 956 3547 unde
974 3493 1008 3546 ab
1027 3494 1126 3547 inuidis
1144 3495 1171 3546 in
1190 3495 1258 3548 mari
1277 3495 1458 3563 precipitatus

305 3572 356 3632 est,
370 3566 393 3619 C
407 3568 469 3619 haec
485 3585 544 3619 cam
559 3566 623 3617 Ask.
642 3565 824 3618 Athenienses
841 3571 949 3618 socrate
967 3571 1079 3618 mortuo
1097 3565 1180 3618 libros
1192 3581 1262 3634 quos
1280 3567 1337 3634 ipse
1350 3565 1458 3618 fecerat

305 3639 495 3706 imposuerunt
507 3635 571 3703 igni,
583 3652 653 3704 quos
664 3635 729 3704 quia
739 3637 860 3688 seruauit
872 3635 984 3705 quidam
997 3636 1101 3689 amicus
1113 3637 1171 3689 eius
1183 3635 1217 3689 ab
1231 3637 1330 3689 inuidis
1342 3637 1377 3689 de
1389 3653 1457 3689 saxo

305 3707 498 3778 praecipitatus
510 3713 561 3761 est.
590 3707 676 3759 Nimis
679 3707 789 3772 futtilia
802 3719 862 3760 sunt
872 3727 936 3774 quae
948 3707 1021 3760 addit
1033 3708 1122 3762 Ceam
1136 3708 1222 3761 Mure.
1247 3708 1363 3762 Ceterum
1375 3711 1459 3761 miror·

305 3798 395 3834 ueram
417 3781 646 3849 interpretationem
664 3778 777 3844 latuisse,
795 3797 853 3832 cum
871 3780 897 3832 in
916 3778 1015 3831 scholiis
1035 3779 1153 3848 Gregorii
1170 3778 1340 3834 Nazianzeni
1357 3781 1458 3848 saepius

306 3861 521 3916 commemoretur,
535 3859 562 3902 ut
576 3850 657 3902 Cossu.
666 3860 697 3917 p.
707 3862 766 3913 577,
779 3849 865 3902 Nonn.
874 3861 903 3918 p.
915 3867 975 3915 994.

341 3938 404 3987 495.
422 3920 555 3988 egeumG
622 3918 774 3974 tristicieG
842 3935 892 3988 pro
903 3919 1031 3973 leticiaG
1100 3919 1212 3974 ablitiG
1281 3934 1379 3986 egeum
1391 3919 1421 3974 G.

342 3994 403 4058 496.
423 3991 541 4044 astionas
555 3991 586 4045 G.

342 4077 404 4129 497.
422 4059 544 4130 Dicitur]
558 4081 606 4114 om.
619 4061 684 4115 Ask.
755 4061 864 4129 ynoeG
931 4060 1085 4115 bachumG
1149 4061 1265 4115 semeles
1277 4060 1379 4117 sororis
1391 4076 1457 4116 suae

308 4135 373 4190 Ask.
427 4131 655 4200 thesiphonemC
705 4132 889 4185 melecertaG
947 4129 988 4201 se]
1002 4133 1086 4186 amc
1120 4133 1185 4186 Met.
1199 4133 1244 4187 IV.
1257 4151 1319 4200 431.

312 4203 314 4208 ’
344 4209 405 4272 498.
423 4201 519 4273 nepos]
533 4205 584 4256 imo
595 4203 768 4266 sororisfilias
780 4203 874 4272 Hygin.
891 4208 931 4270 38,
945 4203 1008 4257 Met.
1022 4203 1095 4256 VIII.
1111 4221 1160 4268 242
1269 4219 1358 4258 seram
1375 4201 1458 4256 hostii

306 4280 385 4344 inepte
396 4279 421 4328 P
432 4275 497 4342 quod
512 4277 612 4328 correxi
676 4275 794 4343 Apollod.
808 4276 859 4327 III.
876 4291 917 4339 15.
930 4293 945 4340 9
959 4275 988 4328 de
1000 4273 1060 4326 Tala
1067 4272 1129 4341 filio
1145 4274 1259 4330 Perditis
1277 4278 1372 4330 sororis
1384 4276 1457 4328 Dae·

304 4348 362 4402 dati
372 4364 444 4413 quem
455 4364 543 4398 serrae
554 4354 703 4414 repertorem
706 4347 780 4412 facit
791 4344 906 4414 μαθητὴν
917 4343 987 4410 ὄντα,
1000 4343 1088 4400 δείσας
1099 4366 1134 4413 μη
1147 4345 1189 4398 δια
1200 4367 1248 4415 την
1259 4348 1368 4418 ευφυιαν
1379 4345 1459 4399 αὐτὸν

304 4416 448 4484 ὑπερβάλῃ·
466 4416 576 4485 σιαγόνα
587 4416 638 4486 γὰρ
651 4413 737 4483 ὄφεως
748 4415 829 4485 εὑρὼν
841 4414 921 4485 ξύλον
932 4415 1028 4470 λεπτὸν
1039 4415 1141 4484 ἔπρισε.

344 4505 405 4553 499.
422 4487 528 4540 Nonnus
537 4486 575 4539 ad
582 4487 687 4555 Gregor.
699 4488 731 4551 56
741 4485 831 4542 Λίνδος
844 4487 920 4543 πόλις
931 4486 1029 4542 παλαιὰ
1041 4488 1086 4554 τῆς
1097 4483 1196 4540 Ῥόδου·
1215 4484 1243 4539 ἐν
1254 4484 1334 4555 ταύτῃ
1345 4489 1381 4558 τῷ
1395 4487 1458 4556 ἱερεῖ

305 4559 341 4629 τῷ
354 4555 439 4612 θύοντι
453 4558 493 4610 καὶ
506 4555 650 4629 θοινωμένῳ
666 4557 711 4611 τὸν
722 4559 796 4624 βοῦν,
809 4555 949 4614 αλθιίοντες
967 4577 1028 4624 narn
1047 4562 1111 4610 ὣντα
1129 4559 1170 4611 καὶ
1189 4557 1396 4629 διελοιδοροῦντο
1415 4557 1456 4610 καὶ

308 4627 413 4699 ὕβριζον
424 4626 512 4697 ὕθρεις
524 4626 572 4697 οὐχ
585 4627 668 4683 ὁσίας.
748 4627 871 4682 sacrificii
887 4630 910 4683 G
992 4579 1143 4682 inlbrentes
1155 4630 1178 4684 G
1189 4630 1255 4682 Ask.
1338 4628 1455 4698 propha-
