<?xml version="1.0" encoding="UTF-8"?>
<!DOCTYPE html PUBLIC "-//W3C//DTD XHTML 1.0 Transitional//EN"
    "http://www.w3.org/TR/xhtml1/DTD/xhtml1-transitional.dtd">
<html xmlns="http://www.w3.org/1999/xhtml" xml:lang="en" lang="en">
 <head>
  <title>
</title>
<meta http-equiv="Content-Type" content="text/html;charset=utf-8" />
  <meta name='ocr-system' content='tesseract 3.04.00' />
  <meta name='ocr-capabilities' content='ocr_page ocr_carea ocr_par ocr_line ocrx_word'/>
</head>
<body>
  <div class='ocr_page' id='page_1' title='image "./povidiinasonisi01elligoog_0010.png"; bbox 0 0 3294 5214; ppageno 0'>
   <div class='ocr_carea' id='block_1_1' title="bbox 591 1101 1017 1197">
    <p class='ocr_par' dir='ltr' id='par_1_1' title="bbox 591 1101 1017 1197">
     <span class='ocr_line' id='line_1_1' title="bbox 591 1101 1017 1197; baseline 0.002 -2"><span class='ocrx_word' id='word_1_1' title='bbox 591 1101 1017 1197; x_wconf 81' lang='lat' dir='ltr'>PRAEFATIO.</span> 
     </span>
    </p>
   </div>
   <div class='ocr_carea' id='block_1_2' title="bbox 141 1328 1379 3859">
    <p class='ocr_par' dir='ltr' id='par_1_2' title="bbox 225 1328 1377 2826">
     <span class='ocr_line' id='line_1_2' title="bbox 229 1328 1375 1436; baseline -0.001 -17"><span class='ocrx_word' id='word_1_2' title='bbox 229 1328 327 1419; x_wconf 87' lang='lat' dir='ltr'>lBlN</span> <span class='ocrx_word' id='word_1_3' title='bbox 353 1358 530 1418; x_wconf 88' lang='lat' dir='ltr'>Ouidianam</span> <span class='ocrx_word' id='word_1_4' title='bbox 559 1357 608 1416; x_wconf 92' lang='lat' dir='ltr'>diu</span> <span class='ocrx_word' id='word_1_5' title='bbox 635 1358 800 1434; x_wconf 84' lang='lat' dir='ltr'><strong>neglectam</strong></span> <span class='ocrx_word' id='word_1_6' title='bbox 824 1367 856 1416; x_wconf 92' lang='lat' dir='ltr'>ut</span> <span class='ocrx_word' id='word_1_7' title='bbox 879 1363 976 1417; x_wconf 89' lang='lat' dir='ltr'>mrsus</span> <span class='ocrx_word' id='word_1_8' title='bbox 1000 1359 1031 1416; x_wconf 89' lang='lat' dir='ltr'>in</span> <span class='ocrx_word' id='word_1_9' title='bbox 1055 1345 1151 1418; x_wconf 86' lang='lat' dir='ltr'>lucem</span> <span class='ocrx_word' id='word_1_10' title='bbox 1176 1359 1375 1436; x_wconf 82' lang='lat' dir='ltr'>protraherem</span> 
     </span>
     <span class='ocr_line' id='line_1_3' title="bbox 225 1441 1374 1531; baseline -0.002 -19"><span class='ocrx_word' id='word_1_11' title='bbox 225 1453 400 1531; x_wconf 90' lang='lat' dir='ltr'>ederemque</span> <span class='ocrx_word' id='word_1_12' title='bbox 416 1452 475 1512; x_wconf 80' lang='lat' dir='ltr'>fors</span> <span class='ocrx_word' id='word_1_13' title='bbox 489 1451 674 1528; x_wconf 91' lang='lat' dir='ltr'>potissimum</span> <span class='ocrx_word' id='word_1_14' title='bbox 688 1451 793 1510; x_wconf 88' lang='lat' dir='ltr'>effecit.</span> <span class='ocrx_word' id='word_1_15' title='bbox 832 1441 911 1510; x_wconf 89' lang='lat' dir='ltr'>Nam</span> <span class='ocrx_word' id='word_1_16' title='bbox 925 1452 1072 1529; x_wconf 92' lang='lat' dir='ltr'>publicato</span> <span class='ocrx_word' id='word_1_17' title='bbox 1086 1454 1117 1511; x_wconf 89' lang='lat' dir='ltr'>in</span> <span class='ocrx_word' id='word_1_18' title='bbox 1128 1446 1279 1514; x_wconf 76' lang='lat' dir='ltr'>&#39;Catullum</span> <span class='ocrx_word' id='word_1_19' title='bbox 1293 1469 1374 1512; x_wconf 89' lang='lat' dir='ltr'>com·-</span> 
     </span>
     <span class='ocr_line' id='line_1_4' title="bbox 225 1544 1375 1621; baseline -0.001 -16"><span class='ocrx_word' id='word_1_20' title='bbox 225 1549 369 1606; x_wconf 89' lang='lat' dir='ltr'>mentario</span> <span class='ocrx_word' id='word_1_21' title='bbox 390 1546 461 1605; x_wconf 95' lang='lat' dir='ltr'>dum</span> <span class='ocrx_word' id='word_1_22' title='bbox 482 1545 657 1605; x_wconf 87' lang='lat' dir='ltr'>Bodleianas</span> <span class='ocrx_word' id='word_1_23' title='bbox 678 1563 750 1621; x_wconf 90' lang='lat' dir='ltr'>opes</span> <span class='ocrx_word' id='word_1_24' title='bbox 771 1563 915 1621; x_wconf 88' lang='lat' dir='ltr'>peruagor</span> <span class='ocrx_word' id='word_1_25' title='bbox 935 1546 1024 1605; x_wconf 92' lang='lat' dir='ltr'>incidi</span> <span class='ocrx_word' id='word_1_26' title='bbox 1045 1547 1075 1604; x_wconf 93' lang='lat' dir='ltr'>in</span> <span class='ocrx_word' id='word_1_27' title='bbox 1097 1544 1204 1606; x_wconf 89' lang='lat' dir='ltr'>librum</span> <span class='ocrx_word' id='word_1_28' title='bbox 1228 1547 1375 1618; x_wconf 83' lang='lat' dir='ltr'>rariorem,</span> 
     </span>
     <span class='ocr_line' id='line_1_5' title="bbox 225 1629 1376 1718; baseline 0.002 -20"><span class='ocrx_word' id='word_1_29' title='bbox 225 1639 421 1718; x_wconf 74' lang='lat' dir='ltr'>Repertorzicm</span> <span class='ocrx_word' id='word_1_30' title='bbox 452 1639 650 1699; x_wconf 86' lang='lat' dir='ltr'><em>Vocabulorum</em></span> <span class='ocrx_word' id='word_1_31' title='bbox 672 1637 902 1714; x_wconf 74' lang='lat' dir='ltr'>Exquztrtorum,</span> <span class='ocrx_word' id='word_1_32' title='bbox 928 1658 1017 1716; x_wconf 90' lang='lat' dir='ltr'>quem</span> <span class='ocrx_word' id='word_1_33' title='bbox 1041 1659 1121 1700; x_wconf 92' lang='lat' dir='ltr'>anno</span> <span class='ocrx_word' id='word_1_34' title='bbox 1147 1655 1224 1717; x_wconf 79' lang='lat'>1273</span> <span class='ocrx_word' id='word_1_35' title='bbox 1248 1629 1376 1701; x_wconf 86' lang='lat' dir='ltr'>confecit</span> 
     </span>
     <span class='ocr_line' id='line_1_6' title="bbox 225 1733 1375 1813; baseline -0.002 -19"><span class='ocrx_word' id='word_1_36' title='bbox 225 1734 380 1794; x_wconf 88' lang='lat' dir='ltr'>Comadus</span> <span class='ocrx_word' id='word_1_37' title='bbox 401 1735 438 1794; x_wconf 92' lang='lat' dir='ltr'>de</span> <span class='ocrx_word' id='word_1_38' title='bbox 461 1734 547 1794; x_wconf 89' lang='lat' dir='ltr'>Mure</span> <span class='ocrx_word' id='word_1_39' title='bbox 569 1733 749 1804; x_wconf 89' lang='lat' dir='ltr'>Turicensis,</span> <span class='ocrx_word' id='word_1_40' title='bbox 771 1734 888 1792; x_wconf 86' lang='lat' dir='ltr'>saeculo</span> <span class='ocrx_word' id='word_1_41' title='bbox 910 1753 948 1793; x_wconf 88' lang='lat' dir='ltr'>xv</span> <span class='ocrx_word' id='word_1_42' title='bbox 970 1733 1125 1795; x_wconf 91' lang='lat' dir='ltr'>Bertoldus</span> <span class='ocrx_word' id='word_1_43' title='bbox 1148 1736 1268 1813; x_wconf 89' lang='lat' dir='ltr'>quidam</span> <span class='ocrx_word' id='word_1_44' title='bbox 1294 1733 1375 1794; x_wconf 88' lang='lat' dir='ltr'>Basi-</span> 
     </span>
     <span class='ocr_line' id='line_1_7' title="bbox 225 1825 1376 1906; baseline 0.002 -20"><span class='ocrx_word' id='word_1_45' title='bbox 225 1829 337 1888; x_wconf 58' lang='lat' dir='ltr'>leensis,</span> <span class='ocrx_word' id='word_1_46' title='bbox 356 1830 431 1906; x_wconf 87' lang='lat' dir='ltr'>typis</span> <span class='ocrx_word' id='word_1_47' title='bbox 456 1828 581 1888; x_wconf 85' lang='lat' dir='ltr'>excudit.</span> <span class='ocrx_word' id='word_1_48' title='bbox 638 1825 698 1887; x_wconf 93' lang='lat' dir='ltr'>Hic</span> <span class='ocrx_word' id='word_1_49' title='bbox 719 1827 793 1886; x_wconf 91' lang='lat' dir='ltr'>liber</span> <span class='ocrx_word' id='word_1_50' title='bbox 818 1829 959 1905; x_wconf 89' lang='lat' dir='ltr'>disposita</span> <span class='ocrx_word' id='word_1_51' title='bbox 986 1838 1066 1888; x_wconf 91' lang='lat' dir='ltr'>tenet</span> <span class='ocrx_word' id='word_1_52' title='bbox 1092 1830 1195 1890; x_wconf 87' lang='lat' dir='ltr'>ordine</span> <span class='ocrx_word' id='word_1_53' title='bbox 1219 1831 1376 1888; x_wconf 89' lang='lat' dir='ltr'>litterarum</span> 
     </span>
     <span class='ocr_line' id='line_1_8' title="bbox 225 1920 1376 2001; baseline 0 -19"><span class='ocrx_word' id='word_1_54' title='bbox 225 1923 347 1982; x_wconf 88' lang='lat' dir='ltr'>nomina</span> <span class='ocrx_word' id='word_1_55' title='bbox 362 1941 437 2000; x_wconf 92' lang='lat' dir='ltr'>quae</span> <span class='ocrx_word' id='word_1_56' title='bbox 451 1923 482 1981; x_wconf 92' lang='lat' dir='ltr'>in</span> <span class='ocrx_word' id='word_1_57' title='bbox 499 1922 603 1982; x_wconf 80' lang='lat' dir='ltr'>fabulis</span> <span class='ocrx_word' id='word_1_58' title='bbox 618 1920 739 1981; x_wconf 89' lang='lat' dir='ltr'>Graecis</span> <span class='ocrx_word' id='word_1_59' title='bbox 753 1921 936 1981; x_wconf 90' lang='lat' dir='ltr'>Romanisue</span> <span class='ocrx_word' id='word_1_60' title='bbox 950 1923 1077 2000; x_wconf 90' lang='lat' dir='ltr'>mythica</span> <span class='ocrx_word' id='word_1_61' title='bbox 1091 1925 1249 1984; x_wconf 81' lang='lat' dir='ltr'><strong>maximam</strong></span> <span class='ocrx_word' id='word_1_62' title='bbox 1263 1933 1376 2001; x_wconf 90' lang='lat' dir='ltr'>partem</span> 
     </span>
     <span class='ocr_line' id='line_1_9' title="bbox 225 2014 1376 2094; baseline 0 -19"><span class='ocrx_word' id='word_1_63' title='bbox 225 2016 366 2093; x_wconf 90' lang='lat' dir='ltr'>leguntur.</span> <span class='ocrx_word' id='word_1_64' title='bbox 409 2017 565 2076; x_wconf 90' lang='lat' dir='ltr'>Accedunt</span> <span class='ocrx_word' id='word_1_65' title='bbox 584 2016 667 2092; x_wconf 88' lang='lat' dir='ltr'><strong>ipsae</strong></span> <span class='ocrx_word' id='word_1_66' title='bbox 688 2014 803 2074; x_wconf 85' lang='lat' dir='ltr'>fabulae</span> <span class='ocrx_word' id='word_1_67' title='bbox 825 2025 853 2076; x_wconf 88' lang='lat' dir='ltr'>et</span> <span class='ocrx_word' id='word_1_68' title='bbox 873 2015 930 2076; x_wconf 93' lang='lat' dir='ltr'>loci</span> <span class='ocrx_word' id='word_1_69' title='bbox 951 2017 1058 2094; x_wconf 91' lang='lat' dir='ltr'>quibus</span> <span class='ocrx_word' id='word_1_70' title='bbox 1081 2027 1239 2088; x_wconf 88' lang='lat' dir='ltr'>narrantur,</span> <span class='ocrx_word' id='word_1_71' title='bbox 1254 2017 1376 2094; x_wconf 85' lang='lat' dir='ltr'>Vergilii</span> 
     </span>
     <span class='ocr_line' id='line_1_10' title="bbox 225 2108 1377 2188; baseline 0 -19"><span class='ocrx_word' id='word_1_72' title='bbox 225 2109 338 2170; x_wconf 91' lang='lat' dir='ltr'>Lucani</span> <span class='ocrx_word' id='word_1_73' title='bbox 366 2109 449 2170; x_wconf 89' lang='lat' dir='ltr'>Statii</span> <span class='ocrx_word' id='word_1_74' title='bbox 481 2109 534 2168; x_wconf 91' lang='lat' dir='ltr'>sed</span> <span class='ocrx_word' id='word_1_75' title='bbox 565 2109 721 2186; x_wconf 88' lang='lat' dir='ltr'>praecipue</span> <span class='ocrx_word' id='word_1_76' title='bbox 751 2108 859 2182; x_wconf 89' lang='lat' dir='ltr'>Ouidii,</span> <span class='ocrx_word' id='word_1_77' title='bbox 891 2129 986 2188; x_wconf 92' lang='lat' dir='ltr'>neque</span> <span class='ocrx_word' id='word_1_78' title='bbox 1018 2129 1054 2170; x_wconf 87' lang='lat' dir='ltr'>ex</span> <span class='ocrx_word' id='word_1_79' title='bbox 1086 2108 1377 2188; x_wconf 89' lang='lat' dir='ltr'>Metamorphosibus</span> 
     </span>
     <span class='ocr_line' id='line_1_11' title="bbox 226 2203 1377 2284; baseline -0.002 -20"><span class='ocrx_word' id='word_1_80' title='bbox 226 2205 321 2264; x_wconf 90' lang='lat' dir='ltr'>solum</span> <span class='ocrx_word' id='word_1_81' title='bbox 343 2214 371 2263; x_wconf 91' lang='lat' dir='ltr'>et</span> <span class='ocrx_word' id='word_1_82' title='bbox 389 2203 529 2280; x_wconf 89' lang='lat' dir='ltr'>Epistulis</span> <span class='ocrx_word' id='word_1_83' title='bbox 551 2203 611 2274; x_wconf 92' lang='lat' dir='ltr'>sed,</span> <span class='ocrx_word' id='word_1_84' title='bbox 626 2203 708 2284; x_wconf 92' lang='lat' dir='ltr'>quod</span> <span class='ocrx_word' id='word_1_85' title='bbox 728 2203 916 2278; x_wconf 89' lang='lat' dir='ltr'>rarissimum,</span> <span class='ocrx_word' id='word_1_86' title='bbox 931 2223 967 2264; x_wconf 90' lang='lat' dir='ltr'>ex</span> <span class='ocrx_word' id='word_1_87' title='bbox 987 2204 1081 2264; x_wconf 91' lang='lat' dir='ltr'>Ibide.</span> <span class='ocrx_word' id='word_1_88' title='bbox 1124 2205 1209 2265; x_wconf 87' lang='lat' dir='ltr'>Haec</span> <span class='ocrx_word' id='word_1_89' title='bbox 1228 2222 1285 2282; x_wconf 92' lang='lat' dir='ltr'>ego</span> <span class='ocrx_word' id='word_1_90' title='bbox 1305 2204 1377 2263; x_wconf 88' lang='lat' dir='ltr'>dum</span> 
     </span>
     <span class='ocr_line' id='line_1_12' title="bbox 225 2297 1375 2376; baseline 0 -20"><span class='ocrx_word' id='word_1_91' title='bbox 225 2298 344 2374; x_wconf 86' lang='lat' dir='ltr'>perlego</span> <span class='ocrx_word' id='word_1_92' title='bbox 369 2297 497 2358; x_wconf 85' lang='lat' dir='ltr'>intellexi</span> <span class='ocrx_word' id='word_1_93' title='bbox 525 2315 573 2355; x_wconf 92' lang='lat' dir='ltr'>me</span> <span class='ocrx_word' id='word_1_94' title='bbox 596 2297 626 2354; x_wconf 89' lang='lat' dir='ltr'>in</span> <span class='ocrx_word' id='word_1_95' title='bbox 655 2313 767 2356; x_wconf 92' lang='lat' dir='ltr'>nouum</span> <span class='ocrx_word' id='word_1_96' title='bbox 791 2298 874 2374; x_wconf 83' lang='lat' dir='ltr'>quasi</span> <span class='ocrx_word' id='word_1_97' title='bbox 899 2298 1088 2358; x_wconf 90' lang='lat' dir='ltr'>thensaurum</span> <span class='ocrx_word' id='word_1_98' title='bbox 1112 2299 1165 2359; x_wconf 88' lang='lat' dir='ltr'>iter</span> <span class='ocrx_word' id='word_1_99' title='bbox 1184 2307 1375 2376; x_wconf 81' lang='lat' dir='ltr'>penetrasse,</span> 
     </span>
     <span class='ocr_line' id='line_1_13' title="bbox 226 2382 1376 2469; baseline 0.001 -19"><span class='ocrx_word' id='word_1_100' title='bbox 226 2401 269 2451; x_wconf 92' lang='lat' dir='ltr'>est</span> <span class='ocrx_word' id='word_1_101' title='bbox 283 2392 362 2450; x_wconf 92' lang='lat' dir='ltr'>enim</span> <span class='ocrx_word' id='word_1_102' title='bbox 375 2393 406 2450; x_wconf 87' lang='lat' dir='ltr'>iu</span> <span class='ocrx_word' id='word_1_103' title='bbox 419 2401 482 2450; x_wconf 91' lang='lat' dir='ltr'>toto</span> <span class='ocrx_word' id='word_1_104' title='bbox 496 2391 640 2467; x_wconf 93' lang='lat' dir='ltr'>opusculo</span> <span class='ocrx_word' id='word_1_105' title='bbox 654 2391 733 2450; x_wconf 93' lang='lat' dir='ltr'>rudis</span> <span class='ocrx_word' id='word_1_106' title='bbox 748 2391 894 2467; x_wconf 88' lang='lat' dir='ltr'>quaedam</span> <span class='ocrx_word' id='word_1_107' title='bbox 909 2389 1077 2469; x_wconf 86' lang='lat' dir='ltr'>simplicitas</span> <span class='ocrx_word' id='word_1_108' title='bbox 1096 2411 1170 2469; x_wconf 92' lang='lat' dir='ltr'>quae</span> <span class='ocrx_word' id='word_1_109' title='bbox 1185 2410 1245 2469; x_wconf 92' lang='lat' dir='ltr'>quo</span> <span class='ocrx_word' id='word_1_110' title='bbox 1259 2382 1376 2469; x_wconf 89' lang='lat' dir='ltr'>longius</span> 
     </span>
     <span class='ocr_line' id='line_1_14' title="bbox 225 2483 1377 2563; baseline 0 -20"><span class='ocrx_word' id='word_1_111' title='bbox 225 2503 243 2543; x_wconf 91' lang='lat' dir='ltr'>a</span> <span class='ocrx_word' id='word_1_112' title='bbox 260 2485 409 2544; x_wconf 88' lang='lat' dir='ltr'>doctrinae</span> <span class='ocrx_word' id='word_1_113' title='bbox 425 2486 508 2544; x_wconf 91' lang='lat' dir='ltr'>abest</span> <span class='ocrx_word' id='word_1_114' title='bbox 529 2483 730 2556; x_wconf 81' lang='lat' dir='ltr'>adfectatione,</span> <span class='ocrx_word' id='word_1_115' title='bbox 745 2483 803 2543; x_wconf 91' lang='lat' dir='ltr'>boc</span> <span class='ocrx_word' id='word_1_116' title='bbox 823 2484 918 2560; x_wconf 87' lang='lat' dir='ltr'>magis</span> <span class='ocrx_word' id='word_1_117' title='bbox 939 2485 1051 2544; x_wconf 88' lang='lat' dir='ltr'>sincera</span> <span class='ocrx_word' id='word_1_118' title='bbox 1072 2495 1100 2544; x_wconf 92' lang='lat' dir='ltr'>et</span> <span class='ocrx_word' id='word_1_119' title='bbox 1121 2487 1239 2563; x_wconf 90' lang='lat' dir='ltr'>antiqua</span> <span class='ocrx_word' id='word_1_120' title='bbox 1260 2495 1288 2546; x_wconf 92' lang='lat' dir='ltr'>et</span> <span class='ocrx_word' id='word_1_121' title='bbox 1309 2503 1377 2544; x_wconf 91' lang='lat' dir='ltr'>uere</span> 
     </span>
     <span class='ocr_line' id='line_1_15' title="bbox 227 2572 1377 2656; baseline 0 -20"><span class='ocrx_word' id='word_1_122' title='bbox 227 2577 380 2639; x_wconf 91' lang='lat' dir='ltr'>Heluetica</span> <span class='ocrx_word' id='word_1_123' title='bbox 394 2589 446 2639; x_wconf 93' lang='lat' dir='ltr'>est.</span> <span class='ocrx_word' id='word_1_124' title='bbox 488 2578 528 2638; x_wconf 92' lang='lat' dir='ltr'>Vt</span> <span class='ocrx_word' id='word_1_125' title='bbox 542 2578 632 2637; x_wconf 87' lang='lat' dir='ltr'>tribus</span> <span class='ocrx_word' id='word_1_126' title='bbox 646 2578 743 2638; x_wconf 89' lang='lat' dir='ltr'>uerbis</span> <span class='ocrx_word' id='word_1_127' title='bbox 757 2579 858 2636; x_wconf 87' lang='lat' dir='ltr'>omnia</span> <span class='ocrx_word' id='word_1_128' title='bbox 871 2579 1119 2656; x_wconf 86' lang='lat' dir='ltr'>conprehendam,</span> <span class='ocrx_word' id='word_1_129' title='bbox 1130 2579 1213 2639; x_wconf 87' lang='lat' dir='ltr'>&#39;uisus</span> <span class='ocrx_word' id='word_1_130' title='bbox 1228 2597 1293 2638; x_wconf 88' lang='lat' dir='ltr'>sum</span> <span class='ocrx_word' id='word_1_131' title='bbox 1306 2572 1377 2637; x_wconf 83' lang='lat' dir='ltr'>mihi</span> 
     </span>
     <span class='ocr_line' id='line_1_16' title="bbox 225 2667 1376 2750; baseline 0.003 -20"><span class='ocrx_word' id='word_1_132' title='bbox 225 2674 257 2731; x_wconf 92' lang='lat' dir='ltr'>in</span> <span class='ocrx_word' id='word_1_133' title='bbox 270 2683 417 2732; x_wconf 89' lang='lat' dir='ltr'>uetustum</span> <span class='ocrx_word' id='word_1_134' title='bbox 437 2673 571 2732; x_wconf 92' lang='lat' dir='ltr'>codicem</span> <span class='ocrx_word' id='word_1_135' title='bbox 591 2672 727 2732; x_wconf 89' lang='lat' dir='ltr'>incidisse</span> <span class='ocrx_word' id='word_1_136' title='bbox 747 2673 845 2747; x_wconf 90' lang='lat' dir='ltr'>operis</span> <span class='ocrx_word' id='word_1_137' title='bbox 861 2689 921 2749; x_wconf 94' lang='lat' dir='ltr'>quo</span> <span class='ocrx_word' id='word_1_138' title='bbox 942 2667 1054 2732; x_wconf 90' lang='lat' dir='ltr'>nullum</span> <span class='ocrx_word' id='word_1_139' title='bbox 1074 2673 1169 2750; x_wconf 90' lang='lat' dir='ltr'>magis</span> <span class='ocrx_word' id='word_1_140' title='bbox 1190 2673 1229 2732; x_wconf 92' lang='lat' dir='ltr'>ad</span> <span class='ocrx_word' id='word_1_141' title='bbox 1245 2681 1376 2734; x_wconf 88' lang='lat' dir='ltr'>uetustos</span> 
     </span>
     <span class='ocr_line' id='line_1_17' title="bbox 227 2765 614 2826; baseline 0.003 -3"><span class='ocrx_word' id='word_1_142' title='bbox 227 2765 323 2825; x_wconf 81' lang='lat' dir='ltr'>sontes</span> <span class='ocrx_word' id='word_1_143' title='bbox 336 2767 468 2826; x_wconf 89' lang='lat' dir='ltr'>reuocari</span> <span class='ocrx_word' id='word_1_144' title='bbox 482 2767 614 2826; x_wconf 92' lang='lat' dir='ltr'>debebat.</span> 
     </span>
    </p>

    <p class='ocr_par' dir='ltr' id='par_1_3' title="bbox 141 2859 1379 3859">
     <span class='ocr_line' id='line_1_18' title="bbox 268 2859 1377 2937; baseline -0.001 -18"><span class='ocrx_word' id='word_1_145' title='bbox 268 2859 327 2919; x_wconf 92' lang='lat' dir='ltr'>Sed</span> <span class='ocrx_word' id='word_1_146' title='bbox 341 2878 402 2919; x_wconf 92' lang='lat' dir='ltr'>non</span> <span class='ocrx_word' id='word_1_147' title='bbox 416 2861 490 2919; x_wconf 86' lang='lat' dir='ltr'>iutra</span> <span class='ocrx_word' id='word_1_148' title='bbox 504 2860 560 2920; x_wconf 91' lang='lat' dir='ltr'>hos</span> <span class='ocrx_word' id='word_1_149' title='bbox 574 2860 679 2919; x_wconf 89' lang='lat' dir='ltr'>limites</span> <span class='ocrx_word' id='word_1_150' title='bbox 690 2860 805 2920; x_wconf 79' lang='lat' dir='ltr'>fortuna</span> <span class='ocrx_word' id='word_1_151' title='bbox 815 2878 881 2918; x_wconf 90' lang='lat' dir='ltr'>mea</span> <span class='ocrx_word' id='word_1_152' title='bbox 890 2862 1046 2918; x_wconf 87' lang='lat' dir='ltr'>terminata</span> <span class='ocrx_word' id='word_1_153' title='bbox 1055 2869 1117 2919; x_wconf 90' lang='lat' dir='ltr'>est:</span> <span class='ocrx_word' id='word_1_154' title='bbox 1137 2878 1206 2919; x_wconf 89' lang='lat' dir='ltr'>nam</span> <span class='ocrx_word' id='word_1_155' title='bbox 1220 2871 1377 2937; x_wconf 89' lang='lat' dir='ltr'>postquam</span> 
     </span>
     <span class='ocr_line' id='line_1_19' title="bbox 226 2953 1377 3032; baseline 0.002 -20"><span class='ocrx_word' id='word_1_156' title='bbox 226 2973 263 3012; x_wconf 88' lang='lat' dir='ltr'>ex</span> <span class='ocrx_word' id='word_1_157' title='bbox 278 2953 411 3014; x_wconf 86' lang='lat' dir='ltr'>Merkelii</span> <span class='ocrx_word' id='word_1_158' title='bbox 426 2954 552 3014; x_wconf 88' lang='lat' dir='ltr'>editione</span> <span class='ocrx_word' id='word_1_159' title='bbox 567 2954 636 3013; x_wconf 89' lang='lat' dir='ltr'>anni</span> <span class='ocrx_word' id='word_1_160' title='bbox 656 2957 731 3029; x_wconf 85' lang='lat'>183&#39;7</span> <span class='ocrx_word' id='word_1_161' title='bbox 747 2954 877 3012; x_wconf 90' lang='lat' dir='ltr'>uideram</span> <span class='ocrx_word' id='word_1_162' title='bbox 897 2955 972 3014; x_wconf 91' lang='lat' dir='ltr'>inter</span> <span class='ocrx_word' id='word_1_163' title='bbox 992 2955 1101 3014; x_wconf 90' lang='lat' dir='ltr'>multos</span> <span class='ocrx_word' id='word_1_164' title='bbox 1122 2955 1227 3032; x_wconf 90' lang='lat' dir='ltr'>quibus</span> <span class='ocrx_word' id='word_1_165' title='bbox 1244 2969 1314 3015; x_wconf 88' lang='lat' dir='ltr'>usus</span> <span class='ocrx_word' id='word_1_166' title='bbox 1333 2964 1377 3014; x_wconf 87' lang='lat' dir='ltr'>est</span> 
     </span>
     <span class='ocr_line' id='line_1_20' title="bbox 227 3047 1378 3125; baseline 0.003 -19"><span class='ocrx_word' id='word_1_167' title='bbox 227 3047 345 3108; x_wconf 88' lang='lat' dir='ltr'>codices</span> <span class='ocrx_word' id='word_1_168' title='bbox 372 3048 463 3106; x_wconf 92' lang='lat' dir='ltr'>Ibidis</span> <span class='ocrx_word' id='word_1_169' title='bbox 493 3066 585 3106; x_wconf 93' lang='lat' dir='ltr'>unum</span> <span class='ocrx_word' id='word_1_170' title='bbox 616 3057 730 3108; x_wconf 90' lang='lat' dir='ltr'>tantum</span> <span class='ocrx_word' id='word_1_171' title='bbox 761 3048 1026 3108; x_wconf 76' lang='lat' dir='ltr'>vindobonensem</span> <span class='ocrx_word' id='word_1_172' title='bbox 1058 3048 1117 3122; x_wconf 83' lang='lat'>885</span> <span class='ocrx_word' id='word_1_173' title='bbox 1149 3048 1378 3125; x_wconf 89' lang='lat' dir='ltr'>interpolationis</span> 
     </span>
     <span class='ocr_line' id='line_1_21' title="bbox 141 3134 1376 3219; baseline 0.002 -21"><span class='ocrx_word' id='word_1_174' title='bbox 141 3140 145 3148; x_wconf 90' lang='grc'><strong>’</strong></span> <span class='ocrx_word' id='word_1_175' title='bbox 226 3142 377 3200; x_wconf 89' lang='lat' dir='ltr'>inmunem</span> <span class='ocrx_word' id='word_1_176' title='bbox 404 3142 442 3200; x_wconf 92' lang='lat' dir='ltr'>ab</span> <span class='ocrx_word' id='word_1_177' title='bbox 470 3159 507 3200; x_wconf 93' lang='lat' dir='ltr'>eo</span> <span class='ocrx_word' id='word_1_178' title='bbox 534 3142 663 3213; x_wconf 90' lang='lat' dir='ltr'>iudicari,</span> <span class='ocrx_word' id='word_1_179' title='bbox 687 3143 737 3218; x_wconf 90' lang='lat' dir='ltr'>qui</span> <span class='ocrx_word' id='word_1_180' title='bbox 761 3159 800 3199; x_wconf 92' lang='lat' dir='ltr'>ne</span> <span class='ocrx_word' id='word_1_181' title='bbox 821 3141 884 3217; x_wconf 92' lang='lat' dir='ltr'>ipse</span> <span class='ocrx_word' id='word_1_182' title='bbox 910 3134 1029 3219; x_wconf 89' lang='lat' dir='ltr'>quidem</span> <span class='ocrx_word' id='word_1_183' title='bbox 1053 3153 1127 3202; x_wconf 85' lang='lat' dir='ltr'>saec.</span> <span class='ocrx_word' id='word_1_184' title='bbox 1142 3137 1191 3200; x_wconf 91' lang='lat' dir='ltr'>xiii</span> <span class='ocrx_word' id='word_1_185' title='bbox 1215 3136 1376 3214; x_wconf 85' lang='lat' dir='ltr'>excederet,</span> 
     </span>
     <span class='ocr_line' id='line_1_22' title="bbox 226 3235 1378 3316; baseline 0.002 -22"><span class='ocrx_word' id='word_1_186' title='bbox 226 3237 405 3312; x_wconf 89' lang='lat' dir='ltr'>indagabam</span> <span class='ocrx_word' id='word_1_187' title='bbox 419 3254 490 3294; x_wconf 91' lang='lat' dir='ltr'>num</span> <span class='ocrx_word' id='word_1_188' title='bbox 504 3235 569 3313; x_wconf 93' lang='lat' dir='ltr'>quis</span> <span class='ocrx_word' id='word_1_189' title='bbox 585 3236 656 3294; x_wconf 86' lang='lat' dir='ltr'>alius</span> <span class='ocrx_word' id='word_1_190' title='bbox 671 3245 780 3294; x_wconf 87' lang='lat' dir='ltr'>extaret</span> <span class='ocrx_word' id='word_1_191' title='bbox 794 3236 889 3295; x_wconf 90' lang='lat' dir='ltr'>codex</span> <span class='ocrx_word' id='word_1_192' title='bbox 904 3237 954 3316; x_wconf 93' lang='lat' dir='ltr'>qui</span> <span class='ocrx_word' id='word_1_193' title='bbox 968 3246 996 3295; x_wconf 93' lang='lat' dir='ltr'>et</span> <span class='ocrx_word' id='word_1_194' title='bbox 1013 3236 1141 3313; x_wconf 85' lang='lat' dir='ltr'>ignotior</span> <span class='ocrx_word' id='word_1_195' title='bbox 1154 3245 1183 3294; x_wconf 88' lang='lat' dir='ltr'>et</span> <span class='ocrx_word' id='word_1_196' title='bbox 1198 3237 1335 3296; x_wconf 87' lang='lat' dir='ltr'>sincerior</span> <span class='ocrx_word' id='word_1_197' title='bbox 1349 3247 1378 3296; x_wconf 90' lang='lat' dir='ltr'>et</span> 
     </span>
     <span class='ocr_line' id='line_1_23' title="bbox 226 3329 1379 3410; baseline -0.001 -20"><span class='ocrx_word' id='word_1_198' title='bbox 226 3331 371 3410; x_wconf 89' lang='lat' dir='ltr'>antiquior</span> <span class='ocrx_word' id='word_1_199' title='bbox 385 3340 468 3390; x_wconf 91' lang='lat' dir='ltr'>esset.</span> <span class='ocrx_word' id='word_1_200' title='bbox 512 3329 576 3388; x_wconf 92' lang='lat' dir='ltr'>Nec</span> <span class='ocrx_word' id='word_1_201' title='bbox 597 3348 645 3389; x_wconf 92' lang='lat' dir='ltr'>me</span> <span class='ocrx_word' id='word_1_202' title='bbox 667 3329 766 3388; x_wconf 78' lang='lat' dir='ltr'>fefellit</span> <span class='ocrx_word' id='word_1_203' title='bbox 786 3329 905 3405; x_wconf 89' lang='lat' dir='ltr'>opinio:</span> <span class='ocrx_word' id='word_1_204' title='bbox 927 3349 997 3389; x_wconf 86' lang='lat' dir='ltr'>nam</span> <span class='ocrx_word' id='word_1_205' title='bbox 1018 3331 1092 3390; x_wconf 93' lang='lat' dir='ltr'>duos</span> <span class='ocrx_word' id='word_1_206' title='bbox 1114 3341 1191 3390; x_wconf 89' lang='lat' dir='ltr'>certe</span> <span class='ocrx_word' id='word_1_207' title='bbox 1212 3331 1311 3389; x_wconf 90' lang='lat' dir='ltr'>inueni</span> <span class='ocrx_word' id='word_1_208' title='bbox 1328 3330 1379 3406; x_wconf 93' lang='lat' dir='ltr'>qui</span> 
     </span>
     <span class='ocr_line' id='line_1_24' title="bbox 227 3422 1377 3503; baseline 0 -21"><span class='ocrx_word' id='word_1_209' title='bbox 227 3443 302 3483; x_wconf 89' lang='lat' dir='ltr'>saec.</span> <span class='ocrx_word' id='word_1_210' title='bbox 324 3425 365 3482; x_wconf 92' lang='lat' dir='ltr'>xii</span> <span class='ocrx_word' id='word_1_211' title='bbox 386 3425 568 3501; x_wconf 87' lang='lat' dir='ltr'>attingerent,</span> <span class='ocrx_word' id='word_1_212' title='bbox 594 3423 867 3500; x_wconf 88' lang='lat' dir='ltr'>Cantabrigiensem</span> <span class='ocrx_word' id='word_1_213' title='bbox 896 3422 952 3503; x_wconf 84' lang='lat' dir='ltr'>(G)</span> <span class='ocrx_word' id='word_1_214' title='bbox 979 3423 1185 3484; x_wconf 90' lang='lat' dir='ltr'>Turonensem</span> <span class='ocrx_word' id='word_1_215' title='bbox 1208 3422 1273 3503; x_wconf 72' lang='lat' dir='ltr'>(T).</span> <span class='ocrx_word' id='word_1_216' title='bbox 1316 3423 1377 3496; x_wconf 87' lang='lat' dir='ltr'>Qui</span> 
     </span>
     <span class='ocr_line' id='line_1_25' title="bbox 226 3518 1378 3596; baseline 0.001 -20"><span class='ocrx_word' id='word_1_217' title='bbox 226 3536 406 3596; x_wconf 88' lang='lat' dir='ltr'>quamquam</span> <span class='ocrx_word' id='word_1_218' title='bbox 436 3519 555 3578; x_wconf 87' lang='lat' dir='ltr'>adiectis</span> <span class='ocrx_word' id='word_1_219' title='bbox 582 3518 711 3578; x_wconf 91' lang='lat' dir='ltr'>Conradi</span> <span class='ocrx_word' id='word_1_220' title='bbox 739 3519 882 3594; x_wconf 89' lang='lat' dir='ltr'>excerptis</span> <span class='ocrx_word' id='word_1_221' title='bbox 913 3519 1034 3578; x_wconf 89' lang='lat' dir='ltr'>carmini</span> <span class='ocrx_word' id='word_1_222' title='bbox 1065 3519 1254 3578; x_wconf 89' lang='lat' dir='ltr'>restaurando</span> <span class='ocrx_word' id='word_1_223' title='bbox 1285 3536 1378 3594; x_wconf 86' lang='lat' dir='ltr'>prope</span> 
     </span>
     <span class='ocr_line' id='line_1_26' title="bbox 226 3611 1376 3689; baseline -0.003 -17"><span class='ocrx_word' id='word_1_224' title='bbox 226 3611 415 3684; x_wconf 87' lang='lat' dir='ltr'>sufficiebant,</span> <span class='ocrx_word' id='word_1_225' title='bbox 430 3630 491 3670; x_wconf 92' lang='lat' dir='ltr'>non</span> <span class='ocrx_word' id='word_1_226' title='bbox 513 3612 571 3671; x_wconf 92' lang='lat' dir='ltr'>hoc</span> <span class='ocrx_word' id='word_1_227' title='bbox 592 3621 747 3672; x_wconf 89' lang='lat' dir='ltr'>contentus</span> <span class='ocrx_word' id='word_1_228' title='bbox 769 3613 973 3689; x_wconf 91' lang='lat' dir='ltr'>Phillippicum</span> <span class='ocrx_word' id='word_1_229' title='bbox 994 3615 1080 3687; x_wconf 86' lang='lat'>1796,</span> <span class='ocrx_word' id='word_1_230' title='bbox 1102 3612 1266 3671; x_wconf 88' lang='lat' dir='ltr'>Parisinum</span> <span class='ocrx_word' id='word_1_231' title='bbox 1288 3624 1376 3686; x_wconf 82' lang='lat'>7994,</span> 
     </span>
     <span class='ocr_line' id='line_1_27' title="bbox 227 3703 1378 3783; baseline -0.001 -18"><span class='ocrx_word' id='word_1_232' title='bbox 227 3716 364 3782; x_wconf 90' lang='lat' dir='ltr'>utrosque</span> <span class='ocrx_word' id='word_1_233' title='bbox 386 3705 523 3782; x_wconf 88' lang='lat' dir='ltr'>optimos,</span> <span class='ocrx_word' id='word_1_234' title='bbox 546 3705 691 3782; x_wconf 92' lang='lat' dir='ltr'>prioribus</span> <span class='ocrx_word' id='word_1_235' title='bbox 715 3706 822 3778; x_wconf 88' lang='lat' dir='ltr'>addidi,</span> <span class='ocrx_word' id='word_1_236' title='bbox 848 3703 953 3783; x_wconf 92' lang='lat' dir='ltr'>quibus</span> <span class='ocrx_word' id='word_1_237' title='bbox 979 3716 1129 3783; x_wconf 89' lang='lat' dir='ltr'>tamquam</span> <span class='ocrx_word' id='word_1_238' title='bbox 1151 3705 1248 3764; x_wconf 89' lang='lat' dir='ltr'>ualido</span> <span class='ocrx_word' id='word_1_239' title='bbox 1272 3703 1378 3764; x_wconf 86' lang='lat' dir='ltr'>funda·</span> 
     </span>
     <span class='ocr_line' id='line_1_28' title="bbox 226 3797 1378 3859; baseline -0.001 -1"><span class='ocrx_word' id='word_1_240' title='bbox 226 3811 327 3859; x_wconf 92' lang='lat' dir='ltr'>mento</span> <span class='ocrx_word' id='word_1_241' title='bbox 348 3799 435 3858; x_wconf 90' lang='lat' dir='ltr'>editio</span> <span class='ocrx_word' id='word_1_242' title='bbox 456 3818 523 3858; x_wconf 91' lang='lat' dir='ltr'>mea</span> <span class='ocrx_word' id='word_1_243' title='bbox 540 3800 685 3859; x_wconf 90' lang='lat' dir='ltr'>niteretur.</span> <span class='ocrx_word' id='word_1_244' title='bbox 728 3799 813 3859; x_wconf 91' lang='lat' dir='ltr'>Duos</span> <span class='ocrx_word' id='word_1_245' title='bbox 828 3799 993 3859; x_wconf 90' lang='lat' dir='ltr'>communis</span> <span class='ocrx_word' id='word_1_246' title='bbox 1008 3799 1131 3858; x_wconf 79' lang='lat' dir='ltr'>familiae</span> <span class='ocrx_word' id='word_1_247' title='bbox 1146 3797 1378 3857; x_wconf 88' lang='lat' dir='ltr'>Holkhamicum</span> 
     </span>
    </p>
   </div>
   <div class='ocr_carea' id='block_1_3' title="bbox 226 3891 1483 3968">
    <p class='ocr_par' dir='ltr' id='par_1_4' title="bbox 226 3891 1483 3968">
     <span class='ocr_line' id='line_1_29' title="bbox 226 3891 1483 3968; baseline -0.003 -14"><span class='ocrx_word' id='word_1_248' title='bbox 226 3904 255 3954; x_wconf 89' lang='lat' dir='ltr'>et</span> <span class='ocrx_word' id='word_1_249' title='bbox 276 3895 483 3966; x_wconf 91' lang='lat' dir='ltr'>Mutinensem,</span> <span class='ocrx_word' id='word_1_250' title='bbox 501 3894 678 3954; x_wconf 79' lang='lat' dir='ltr'>Vaticanum</span> <span class='ocrx_word' id='word_1_251' title='bbox 696 3896 783 3966; x_wconf 83' lang='lat'>1602,</span> <span class='ocrx_word' id='word_1_252' title='bbox 804 3895 1001 3963; x_wconf 87' lang='lat' dir='ltr'>Parmensem,</span> <span class='ocrx_word' id='word_1_253' title='bbox 1017 3911 1086 3951; x_wconf 93' lang='lat' dir='ltr'>cum</span> <span class='ocrx_word' id='word_1_254' title='bbox 1102 3891 1328 3950; x_wconf 90' lang='lat' dir='ltr'>Vindobonensi</span> <span class='ocrx_word' id='word_1_255' title='bbox 1350 3901 1378 3951; x_wconf 91' lang='lat' dir='ltr'>et</span> <span class='ocrx_word' id='word_1_256' title='bbox 1480 3962 1483 3968; x_wconf 37' lang='grc'><strong>,</strong></span> 
     </span>
    </p>
   </div>
   <div class='ocr_carea' id='block_1_4' title="bbox 225 3983 1378 4632">
    <p class='ocr_par' dir='ltr' id='par_1_5' title="bbox 225 3983 1378 4254">
     <span class='ocr_line' id='line_1_30' title="bbox 226 3983 1378 4067; baseline -0.003 -18"><span class='ocrx_word' id='word_1_257' title='bbox 226 3989 456 4050; x_wconf 82' lang='lat' dir='ltr'>Francofurtano</span> <span class='ocrx_word' id='word_1_258' title='bbox 478 4007 553 4067; x_wconf 91' lang='lat' dir='ltr'>quos</span> <span class='ocrx_word' id='word_1_259' title='bbox 573 3989 678 4049; x_wconf 93' lang='lat' dir='ltr'>ambos</span> <span class='ocrx_word' id='word_1_260' title='bbox 692 3988 851 4048; x_wconf 86' lang='lat' dir='ltr'>Merkelius</span> <span class='ocrx_word' id='word_1_261' title='bbox 871 3983 1008 4060; x_wconf 91' lang='lat' dir='ltr'>ediderat,</span> <span class='ocrx_word' id='word_1_262' title='bbox 1023 3996 1072 4046; x_wconf 87' lang='lat' dir='ltr'>aut</span> <span class='ocrx_word' id='word_1_263' title='bbox 1085 3995 1164 4046; x_wconf 89' lang='lat' dir='ltr'>totos</span> <span class='ocrx_word' id='word_1_264' title='bbox 1179 3995 1228 4045; x_wconf 86' lang='lat' dir='ltr'>aut</span> <span class='ocrx_word' id='word_1_265' title='bbox 1241 3986 1292 4045; x_wconf 83' lang='lat' dir='ltr'>ubl</span> <span class='ocrx_word' id='word_1_266' title='bbox 1307 3984 1378 4045; x_wconf 90' lang='lat' dir='ltr'>boni</span> 
     </span>
     <span class='ocr_line' id='line_1_31' title="bbox 225 4075 1378 4161; baseline -0.003 -17"><span class='ocrx_word' id='word_1_267' title='bbox 225 4083 335 4161; x_wconf 88' lang='lat' dir='ltr'>aliquid</span> <span class='ocrx_word' id='word_1_268' title='bbox 348 4083 574 4159; x_wconf 86' lang='lat' dir='ltr'>suppeditabant</span> <span class='ocrx_word' id='word_1_269' title='bbox 593 4081 717 4142; x_wconf 87' lang='lat' dir='ltr'>exhibui.</span> <span class='ocrx_word' id='word_1_270' title='bbox 760 4075 825 4142; x_wconf 92' lang='lat' dir='ltr'>Nec</span> <span class='ocrx_word' id='word_1_271' title='bbox 838 4093 938 4142; x_wconf 88' lang='lat' dir='ltr'>tamen</span> <span class='ocrx_word' id='word_1_272' title='bbox 952 4082 1052 4142; x_wconf 90' lang='lat' dir='ltr'>nescio</span> <span class='ocrx_word' id='word_1_273' title='bbox 1067 4099 1156 4158; x_wconf 89' lang='lat' dir='ltr'>posse</span> <span class='ocrx_word' id='word_1_274' title='bbox 1167 4080 1275 4141; x_wconf 87' lang='lat' dir='ltr'>alicubi</span> <span class='ocrx_word' id='word_1_275' title='bbox 1289 4079 1378 4140; x_wconf 89' lang='lat' dir='ltr'>latere</span> 
     </span>
     <span class='ocr_line' id='line_1_32' title="bbox 226 4169 898 4254; baseline -0.004 -18"><span class='ocrx_word' id='word_1_276' title='bbox 226 4178 315 4236; x_wconf 89' lang='lat' dir='ltr'>etiam</span> <span class='ocrx_word' id='word_1_277' title='bbox 329 4177 533 4254; x_wconf 90' lang='lat' dir='ltr'>antiquiorem.</span> <span class='ocrx_word' id='word_1_278' title='bbox 896 4169 898 4173; x_wconf 75' lang='grc'><strong>’</strong></span> 
     </span>
    </p>

    <p class='ocr_par' dir='ltr' id='par_1_6' title="bbox 225 4270 1378 4632">
     <span class='ocr_line' id='line_1_33' title="bbox 267 4270 1378 4348; baseline -0.003 -18"><span class='ocrx_word' id='word_1_279' title='bbox 267 4271 328 4330; x_wconf 89' lang='lat' dir='ltr'>Ibis</span> <span class='ocrx_word' id='word_1_280' title='bbox 344 4281 376 4329; x_wconf 94' lang='lat' dir='ltr'>ut</span> <span class='ocrx_word' id='word_1_281' title='bbox 389 4280 457 4330; x_wconf 92' lang='lat' dir='ltr'>ante</span> <span class='ocrx_word' id='word_1_282' title='bbox 472 4271 646 4331; x_wconf 83' lang='lat' dir='ltr'>exstinctam</span> <span class='ocrx_word' id='word_1_283' title='bbox 661 4271 867 4331; x_wconf 89' lang='lat' dir='ltr'>Romanorum</span> <span class='ocrx_word' id='word_1_284' title='bbox 884 4280 1061 4348; x_wconf 88' lang='lat' dir='ltr'>potestatem</span> <span class='ocrx_word' id='word_1_285' title='bbox 1080 4271 1250 4346; x_wconf 91' lang='lat' dir='ltr'>interpretes</span> <span class='ocrx_word' id='word_1_286' title='bbox 1269 4270 1378 4341; x_wconf 87' lang='lat' dir='ltr'>habuit,</span> 
     </span>
     <span class='ocr_line' id='line_1_34' title="bbox 226 4363 1378 4442; baseline -0.003 -17"><span class='ocrx_word' id='word_1_287' title='bbox 226 4367 268 4426; x_wconf 92' lang='lat' dir='ltr'>sic</span> <span class='ocrx_word' id='word_1_288' title='bbox 292 4382 330 4424; x_wconf 91' lang='lat' dir='ltr'>ne</span> <span class='ocrx_word' id='word_1_289' title='bbox 354 4365 453 4424; x_wconf 91' lang='lat' dir='ltr'>medio</span> <span class='ocrx_word' id='word_1_290' title='bbox 478 4365 597 4440; x_wconf 91' lang='lat' dir='ltr'>quidem</span> <span class='ocrx_word' id='word_1_291' title='bbox 621 4383 696 4424; x_wconf 88' lang='lat' dir='ltr'>aeuo</span> <span class='ocrx_word' id='word_1_292' title='bbox 720 4366 885 4442; x_wconf 91' lang='lat' dir='ltr'>legentibus</span> <span class='ocrx_word' id='word_1_293' title='bbox 910 4374 938 4423; x_wconf 92' lang='lat' dir='ltr'>et</span> <span class='ocrx_word' id='word_1_294' title='bbox 964 4363 1171 4423; x_wconf 86' lang='lat' dir='ltr'>adnotantibus</span> <span class='ocrx_word' id='word_1_295' title='bbox 1195 4365 1321 4437; x_wconf 87' lang='lat' dir='ltr'>carebat,</span> <span class='ocrx_word' id='word_1_296' title='bbox 1346 4372 1378 4423; x_wconf 90' lang='lat' dir='ltr'>ut</span> 
     </span>
     <span class='ocr_line' id='line_1_35' title="bbox 225 4458 1376 4535; baseline -0.002 -17"><span class='ocrx_word' id='word_1_297' title='bbox 225 4469 367 4519; x_wconf 86' lang='lat' dir='ltr'>testantur</span> <span class='ocrx_word' id='word_1_298' title='bbox 388 4458 506 4519; x_wconf 89' lang='lat' dir='ltr'>Scholia</span> <span class='ocrx_word' id='word_1_299' title='bbox 526 4477 602 4535; x_wconf 84' lang='lat' dir='ltr'>quae</span> <span class='ocrx_word' id='word_1_300' title='bbox 622 4461 708 4518; x_wconf 89' lang='lat' dir='ltr'>uariis</span> <span class='ocrx_word' id='word_1_301' title='bbox 730 4459 827 4520; x_wconf 90' lang='lat' dir='ltr'>modis</span> <span class='ocrx_word' id='word_1_302' title='bbox 850 4460 993 4518; x_wconf 89' lang='lat' dir='ltr'>inmutata</span> <span class='ocrx_word' id='word_1_303' title='bbox 1017 4458 1055 4517; x_wconf 88' lang='lat' dir='ltr'>ad</span> <span class='ocrx_word' id='word_1_304' title='bbox 1079 4475 1133 4518; x_wconf 92' lang='lat' dir='ltr'>nos</span> <span class='ocrx_word' id='word_1_305' title='bbox 1154 4458 1376 4518; x_wconf 85' lang='lat' dir='ltr'>descenderunt.</span> 
     </span>
     <span class='ocr_line' id='line_1_36' title="bbox 228 4541 1378 4632; baseline -0.002 -20"><span class='ocrx_word' id='word_1_306' title='bbox 228 4553 288 4614; x_wconf 86' lang='lat' dir='ltr'>Sed</span> <span class='ocrx_word' id='word_1_307' title='bbox 301 4571 461 4630; x_wconf 92' lang='lat' dir='ltr'>numquam</span> <span class='ocrx_word' id='word_1_308' title='bbox 477 4555 592 4632; x_wconf 89' lang='lat' dir='ltr'>saepius</span> <span class='ocrx_word' id='word_1_309' title='bbox 607 4553 757 4630; x_wconf 88' lang='lat' dir='ltr'>legebatur</span> <span class='ocrx_word' id='word_1_310' title='bbox 773 4571 862 4629; x_wconf 85' lang='lat' dir='ltr'>quam</span> <span class='ocrx_word' id='word_1_311' title='bbox 877 4543 972 4618; x_wconf 86' lang='lat' dir='ltr'>aetate</span> <span class='ocrx_word' id='word_1_312' title='bbox 987 4541 1046 4632; x_wconf 88' lang='lat' dir='ltr'>qua</span> <span class='ocrx_word' id='word_1_313' title='bbox 1055 4551 1237 4612; x_wconf 89' lang='lat' dir='ltr'>Graecorum</span> <span class='ocrx_word' id='word_1_314' title='bbox 1251 4547 1281 4610; x_wconf 88' lang='lat' dir='ltr'>in</span> <span class='ocrx_word' id='word_1_315' title='bbox 1295 4551 1378 4610; x_wconf 89' lang='lat' dir='ltr'>Italia</span> 
     </span>
    </p>
   </div>
   <div class='ocr_carea' id='block_1_5' title="bbox 0 0 1656 5214">
    <p class='ocr_par' dir='ltr' id='par_1_7' title="bbox 0 0 1656 5214">
     <span class='ocr_line' id='line_1_37' title="bbox 0 0 1656 5214; baseline 0 0"><span class='ocrx_word' id='word_1_316' title='bbox 0 0 1656 5214; x_wconf 95' lang='lat' dir='ltr'> </span> 
     </span>
    </p>
   </div>
  </div>
 </body>
</html>
