3312 5200
606 421 954 482 COMMENTARIVS.
1298 428 1351 482 121

200 588 231 632 ut
246 576 275 631 in
288 588 357 632 noto
370 577 417 632 illo
429 578 489 633 Aio
500 583 527 632 te
538 577 665 632 Aeau'da
676 580 818 632 Romanas
830 595 941 632 uincere
948 581 1029 647 passe
1041 578 1076 633 de
1092 578 1218 635 Diuin.'
1201 598 1227 634 11.
1241 580 1281 649 56.
1295 581 1353 649 116,

199 651 234 703 cs.
250 648 326 704 Off.
319 668 336 704 1.
353 665 391 705 12
406 651 439 717 38
453 649 562 719 Pyrrhi
578 651 689 718 quidem
706 650 740 703 de
755 652 878 715 captiuis
895 651 1043 703 reddendis
1060 651 1113 703 illu
1127 652 1279 720 praeclara
1293 621 1354 706 Nei

199 737 239 772 mr
259 737 364 773 aurum
381 725 464 790 pasco
484 738 533 774 uec
549 737 588 773 mi
587 723 731 790 'pretium
751 721 883 773 dederitis
902 723 975 774 κ...τλ
996 722 1112 790 Regalis
1132 738 1200 775 sane
1219 727 1247 774 et
1262 723 1353 793 digna

198 791 392 844 Aeacidarum
400 808 502 871 genere
513 793 658 844 sententia
695 794 808 845 raouhs
820 795 966 845 1111111111
979 795 1107 846 1111111111.
1146 792 1244 861 Populi
1258 794 1352 861 credo,

199 861 247 930 qui
263 871 336 915 teste
351 861 459 915 Iustino
472 871 672 915 concurrerunt
685 862 723 915 ad
736 879 836 916 necem
851 861 1033 916 Laodamiae.
1071 864 1251 944 Quamquam
1264 873 1291 916 et
1305 863 1351 918 hic

198 942 227 985 et
246 933 404 1020 Polyaenus
423 949 618 1020 percussorem
638 931 775 986 Milonem
794 932 909 986 addunt
949 933 1080 1000 Polyaen.
1094 933 1149 986 viii.
1167 945 1197 1001 52
1212 935 1352 1002 Δηϊδάμεια

197 1001 305 1072 Πὺρῤου
317 1002 449 1072 θυγάτηρ’
451 1019 470 1054 A
475 1003 602 1090 μβρακιαν
615 1002 818 1090 carchedoniam
826 1005 970 1072 τιμωρῆσαι
983 1004 1137 1094 Πτολεμαίῳ
1150 1003 1352 1073 δολοφονὴθεντι

197 1073 367 1164 πρρελομένη,
377 1071 628 1165 πρεσβευσαμένων’
631 1078 786 1142 Ηπειρωτῶν
796 1075 840 1126 τὸν
848 1076 964 1142 πόλεμον
977 1072 1096 1128 κατέθετο
1106 1074 1148 1128 ε’πὶ
1157 1095 1193 1145 τῳ
1180 1076 1248 1128 τὸν
1257 1077 1352 1141 κλῆρον

198 1163 238 1196 rut
249 1165 295 1197 ras
307 1166 399 1210 τιμ11
393 1165 443 1196 των
455 1147 590 1215 προγονων
603 1145 680 1213 ἔχειν.
697 1165 737 1195 rtis
729 1143 912 1206 λαβοῦσο’
883 1165 984 1198 uterere
993 1143 1148 1212 εξηπιιτηθη
1165 1146 1351 1234 συνταξάμενοι

196 1216 257 1305 Ιμὰρἱ
260 1220 311 1268 τῶν
320 1212 485 1283 Ηπειρωτων
492 1236 557 1268 τινες
568 1215 728 1302 Νεστορο
697 1236 748 1266 των
756 1212 929 1283 Ἀλεξάνδρου
940 1214 1193 1282 σωματοφυλάκων’
1179 1215 1351 1304 αναιρὴσοντιι
1420 1223 1427 1239 ’

196 1285 276 1372 aiche
288 1285 461 1354 εἰσέπεμψαν.
490 1288 503 1338 ὁ
522 1285 592 1338 δὲ’
563 1307 629 1338 rara
642 1284 773 1338 νεύσασον
789 1285 918 1340 αἰδεσθεὶς
933 1286 975 1338 rai
992 1288 1164 1356 κατοπλιιγεὶ1
1179 1284 1351 1356 ἀνέστρεψεν.

196 1353 231 1446 ‘H
246 1356 273 1408 δὲ
287 1357 456 1425 κατέφυγεν’
443 1379 469 1412 ες
481 1357 510 1410 τὸ
524 1358 591 1420 ἱερὸν
603 1358 648 1424 τῆς
659 1354 803 1426 Ἡγεμόνης
814 1355 972 1444 Ἀρτέμιδο1
999 1357 1090 1410 Μίλων
1102 1356 1168 1409 δι”
1143 1357 1225 1409 σιτίον
1237 1358 1304 1446 ἕχρν
1317 1359 1351 1412 ὡς

195 1427 242 1494 τὴν
254 1427 334 1480 αὑτοῦ
345 1426 441 1515 μρτέρα
457 1427 636 1497 Φιλωτέραν’
621 1428 778 1493 αποκτείνιις,
791 1427 936 1497 ὣρμησεν’
922 1425 961 1480 επ’
975 1427 1053 1494 αὐτὴν
1065 1427 1236 1496 ὡπλισμένος.
1273 1427 1307 1480 H
1322 1429 1350 1482 δὲ

195 1497 347 1564 ἀνεβόησεν·
365 1496 613 1585 Ομητροφόντης
599 1519 641 1551 ent
632 1499 727 1567 φόνῳ
738 1519 855 1564 πρασσει
865 1500 957 1564 φονον
984 1502 1066 1552 Τοῦτο
1078 1519 1157 1566 μονον
1169 1519 1246 1566 aaran
1258 1498 1351 1566 εκβοη

196 1590 285 1621 σασαν
309 1571 323 1620 ὁ
346 1569 473 1622 Μ1λων’
459 1568 603 1622 απέκτεινεν
624 1590 651 1622 εν
675 1568 711 1638 τῴ
735 1568 831 1634 τεμένει
854 1571 899 1634 riis
920 1569 989 1621 θεοῦ.
1144 1571 1212 1624 806.
1234 1572 1348 1625 011611.

197 1639 275 1692 Hinc
293 1639 427 1708 colligunt
445 1638 654 1694 Laodamiam
647 1656 675 1692 m
695 1640 802 1708 templo
823 1639 940 1707 Cereris,
958 1655 1015 1692 non
1034 1637 1154 1708 Dianae,
1173 1639 1349 1694 interfectam

196 1709 334 1763 Ouidium
346 1720 480 1779 putasse:
506 1713 706 1765 dissimulare
721 1710 759 1763 ad
773 1709 918 1763 Eleusinia
934 1710 1065 1791 referunt,
1079 1727 1151 1779 quae
1168 1727 1232 1764 cum
1245 1728 1350 1766 arcana

195 1790 224 1834 et
243 1782 355 1835 occulta
371 1790 474 1850 essent,
488 1781 571 1850 longe
590 1781 734 1835 distabant
753 1781 789 1834 ab
809 1780 863 1834 isto
879 1780 987 1834 nefario
999 1780 1053 1834 ritu
1070 1790 1185 1850 propter
1203 1781 1349 1836 infamiam

194 1850 369 1920 patrantium
378 1852 480 1906 celebri
491 1869 524 1905 ac
535 1853 658 1921 uulgato,
670 1851 722 1921 (sic
734 1851 908 1917 Merkelius),
919 1861 966 1905 aut
977 1851 1013 1904 ad
1024 1861 1144 1905 mortem
1155 1852 1252 1920 Pyrrhi
1263 1853 1348 1921 Argis
1360 1871 1363 1878 ·

195 1939 282 1991 quam
301 1921 364 1990 ipsa
384 1925 469 1977 Ceres
488 1923 540 1976 sub
559 1939 630 1976 anus
648 1923 740 1976 latens
763 1921 857 1990 specie
880 1922 1048 1976 credebatur
1066 1921 1194 1977 effecisse
1214 1923 1308 1990 (Paus.
1329 1924 1345 1980 i.

197 2007 237 2060 13
252 2006 277 2060 7,
298 1993 338 2046 sic
359 1995 455 2047 Const.
477 1993 635 2060 Fanensis).
675 1992 759 2073 Atqui
778 1992 847 2046 satis
867 1993 973 2047 factum
992 1992 1043 2046 erit
1063 1993 1193 2062 disticho,
1213 1993 1236 2047 si
1257 1994 1347 2062 fingas

196 2065 330 2117 Cererem
342 2063 487 2117 inductam
500 2081 562 2117 esse
575 2081 632 2116 non
646 2062 742 2144 quod
735 2079 764 2116 m
777 2063 837 2116 eius
851 2065 957 2133 templo
971 2073 1073 2118 necata
1086 2064 1242 2118 Laodamia
1255 2065 1346 2133 suerit,

194 2134 246 2187 sed
260 2143 406 2204 tamquam
420 2134 491 2188 irata
504 2135 619 2202 Pyrrho,
633 2133 679 2214 qui
695 2133 880 2203 Proserpinae
893 2136 1029 2203 templum
1048 2134 1202 2188 uiolauerat
1216 2106 1347 2204 (Dionys.

193 2205 260 2258 Ant.
280 2207 362 2258 Rom.
382 2207 451 2258 Exc.
465 2204 512 2260 lib.
526 2223 568 2258 xx.
583 2220 600 2273 9
620 2204 775 2286 Kressling)
796 2222 853 2257 non
872 2205 964 2274 ipsum
983 2206 1074 2258 solum
1094 2223 1145 2258 sua
1160 2222 1245 2259 manu
1262 2205 1348 2260 inter·

194 2275 300 2343 fecerit,
314 2276 365 2329 sed
378 2275 464 2329 filiam
477 2292 588 2345 quoque
605 2275 665 2357 eius
683 2274 712 2329 in
729 2276 835 2344 templo
849 2275 966 2328 deorum
978 2275 1189 2356 percussoribus
1205 2275 1349 2332 obiecerit.

151 2363 157 2374 ·
194 2346 360 2400 Sacrum
338 2367 471 2416 ειρωνικως
488 2356 517 2400 ut
538 2349 578 2400 Μ
591 2345 647 2399 xiii.
660 2347 714 2411 460
731 2346 847 2399 allatum
866 2363 883 2399 a
903 2345 1049 2399 Merkelio.
1095 2346 1208 2399 Scilicet
1223 2352 1275 2399 aut
1294 2349 1351 2402 ulli

193 2419 303 2470 seruire
313 2419 458 2498 Polyxena
475 2417 582 2497 uellem,
595 2418 623 2470 A
628 2422 660 2470 ut
673 2421 727 2486 per
742 2417 799 2469 tale
815 2433 945 2469 sacrum
960 2433 1063 2469 numen
1077 2417 1229 2496 placabitis
1246 2417 1345 2470 ullum.

195 2487 254 2542 Sed
267 2505 331 2541 curn
344 2487 391 2540 uix
404 2488 472 2542 satis
485 2487 526 2540 sic
539 2487 635 2541 omnia
647 2487 839 2556 expediantur,
849 2486 954 2540 aliam'
948 2486 1206 2555 interpretationem
1216 2497 1349 2556 quattuor

193 2557 1347 2638 111111131531811Ε1111111111111111301111111Ρ1111111Ρ111111Μ1ς111

193 2647 227 2683 ex
253 2629 310 2682 filio
330 2629 492 2683 Alexandro
516 2639 544 2683 et
570 2628 627 2684 filia
650 2629 819 2698 Olympiade
844 2645 942 2697 nepos,
963 2627 1010 2697 qui
1036 2645 1099 2682 cum
1119 2627 1234 2696 Tigride
1254 2629 1347 2683 amica

193 2717 245 2754 sua
258 2717 369 2754 ueneno
382 2700 520 2754 extinctus
533 2716 584 2769 per
597 2699 797 2792 Olympiadem
811 2699 962 2754 creditura
976 2697 1136 2786 Saluagnio.
1167 2698 1270 2753 Athen
1287 2701 1346 2769 589.

192 2769 306 2857 Πὺῤῥου
317 2775 364 2824 τοῦ
381 2769 548 2839 Ἠπειρωτῶν
565 2771 706 2834 βασιλέως,
723 2768 782 2824 ὅς’
768 2791 798 2836 ην
816 2771 903 2837 τρίτος
920 2770 970 2822 ἀπὸ
989 2767 1094 2838 Πύῤῥου
1112 2773 1158 2822 τοῦ
1177 2768 1217 2823 ἐπ
1235 2767 1347 2824 Ἰταλίαν

193 2838 410 2909 στρατεύσαντος,
430 2840 542 2931 ἐρωμένη
561 2839 591 2908 ἦν
609 2840 728 2911 Tiypts‘
716 2862 731 2906 η
750 2839 916 2893 Λευκαδία·’
904 2862 933 2908 ην
950 2838 1123 2904 Ὀλυμπιὰς
1111 2861 1126 2906 η
1146 2843 1193 2893 τοῦ
1212 2841 1346 2894 νεανίσκου

192 2910 276 2994 μήτηρ
300 2912 485 2982 φαρμάκοις’
469 2913 608 2967 animetur.
647 2912 784 2979 Pyrrhum
809 2910 958 2965 immature
982 2909 1087 2966 obiisse
1113 2910 1196 2964 docet
1220 2910 1344 2965 Iustinus

192 2981 284 3037 xxviii
310 2985 411 3050 3Jam
439 2983 585 3052 Olympias
599 2983 677 3052 filiis
700 2999 789 3052 regua
810 2983 976 3048 tradiderat,
996 2987 1023 3036 et
1046 2998 1078 3034 m
1098 2982 1189 3035 locum
1208 2982 1345 3052 Pyrrhi,

182 3055 317 3124 fratris
328 3055 480 3123 defuncti
490 3055 668 3107 Ptolemaeus
678 3058 851 3120 successerat,
861 3062 925 3121 post
938 3069 1010 3134 quae
1024 3051 1119 3106 statim
1129 3062 1224 3106 narrat
1235 3053 1345 3106 Laoda-

192 3125 267 3178 miae
291 3123 482 3193 (Deidamiae)
503 3125 629 3192 caedem,
650 3133 680 3177 ut
701 3125 772 3177 haec
791 3141 826 3177 ex
844 3123 986 3176 communi
1008 3124 1085 3177 fonte
1110 3123 1239 3178 uideatur
1258 3133 1344 3193 atque

192 3195 314 3249 Ouidius
331 3194 469 3249 duxisse.
497 3198 575 3250 dieti
592 3198 686 3251 modo
703 3198 788 3259 regis
802 3194 899 3263 Pyrrhi
915 3193 1022 3262 Magni,
1036 3194 1074 3248 ad
1090 3193 1216 3263 proxime
1229 3211 1343 3264 praece-

192 3266 290 3320 dentia
302 3265 479 3320 referendum
492 3275 522 3319 ut
535 3283 561 3320 u.
577 3278 638 3335 557.
780 3267 851 3319 308.
870 3268 1107 3332 Cantharidum,
1121 3282 1193 3334 quae
1206 3276 1343 3319 uocantur

191 3337 330 3404 θανάσιμοι
344 3354 362 3390 a
378 3337 528 3390 Plutarcho
541 3337 577 3390 de
589 3335 663 3391 Aud.
678 3337 756 3390 Poet.
772 3347 794 3403 5.
833 3336 1024 3390 cantharidas
1035 3338 1185 3405 sumpsisse
1197 3336 1233 3389 de
1252 3347 1342 3391 semet

191 3417 352 3461 uenenante
370 3407 428 3461 Cic.
445 3409 523 3461 Fam.
539 3407 573 3461 ix.
587 3422 629 3461 21
643 3421 668 3474 3.
706 3406 900 3460 Thessalidum
919 3407 995 3475 quod
1013 3407 1119 3460 habent
1138 3406 1184 3460 alii
1203 3407 1284 3460 codd.
1305 3408 1342 3461 ad

191 3495 291 3546 magas
301 3495 351 3532 seu
359 3479 565 3545 φαρμακευτριας
574 3478 699 3532 refertur
759 3480 829 3544 309,
840 3480 905 3531 310.
920 3477 1079 3530 Scholiasta
1089 3478 1124 3531 de
1134 3478 1265 3531 Leucone
1275 3495 1341 3546 rege

192 3550 310 3602 Pontico
324 3548 461 3617 intelligit,
475 3547 521 3618 qui
535 3565 600 3602 cum
619 3550 775 3617 Spartacon
788 3548 903 3600 fratrem
920 3547 1079 3614 occidisset,
1092 3548 1138 3600 uel
1151 3565 1267 3602 uxorem
1280 3548 1341 3602 eius

191 3636 300 3688 amans,
314 3620 360 3672 uel
373 3619 449 3689 quod
464 3635 577 3674 uxorem
595 3636 676 3673 suam
693 3618 717 3672 is
730 3627 845 3687 peteret,
860 3617 920 3686 ipse
937 3618 973 3671 ab
991 3619 1045 3670 hac
1063 3617 1172 3670 occisus
1186 3618 1239 3672 sit.
1265 3619 1341 3673 unde

190 3695 245 3754 pio
265 3661 409 3744 adultera
430 3689 497 3744 dicit
487 3699 537 3743 tur.
577 3690 634 3743 Sed
653 3689 722 3742 nihil
741 3687 901 3744 huiusmodi
921 3687 1054 3741 traditum
1073 3697 1115 3741 est
1135 3687 1170 3741 de
1191 3690 1340 3743 Leucone:

190 3761 286 3831 itaque
302 3761 430 3830 suspicor
433 3759 595 3829 significari
615 3761 775 3814 Leuconem
793 3758 870 3812 illum
889 3774 974 3828 quem
990 3768 1081 3812 mater
1098 3758 1254 3826 Themisto,
1272 3776 1341 3812 uxor

189 3831 381 3900 AthamantiS,
402 3848 453 3913 per
473 3848 596 3885 errorem
616 3830 727 3886 occidit.
870 3832 940 3882 309.
957 3832 1019 3892 pia.
1057 3827 1168 3896 Allusit,
1189 3800 1282 3896 credo,
1303 3830 1341 3884 ad

190 3919 295 3956 nomen
309 3872 509 3957 Theinrstonis
550 3904 626 3955 Nam
639 3919 674 3956 ea
692 3901 758 3955 fecit
777 3899 891 3992 quidem
904 3899 1044 3966 ἀθέμιστον
1056 3898 1173 3968 facinus,
1186 3900 1254 3953 dum
1268 3870 1340 3954 lilios

190 3990 257 4027 suos
282 3971 394 4042 occidit,
420 3983 448 4027 et
473 3983 568 4026 tamen
594 3972 639 4025 οὐκ
665 3972 801 4053 ἀθεμίστια
825 3968 874 4038 ᾔδη
900 3987 973 4040 quae
997 3969 1161 4051 imprudens
1189 3969 1340 4026 occideret.

189 4047 335 4098 adultera
353 4043 501 4097 Themisto
520 4042 629 4112 dieitur,
645 4042 711 4113 quia
729 4041 805 4113 prior
823 4041 924 4096 coniux
941 4039 1122 4095 Athamantis
1143 4042 1194 4094 Ino
1213 4039 1341 4094 nondum

189 4124 302 4168 mortua
326 4124 386 4194 erat
410 4131 475 4167 cum
499 4113 524 4167 is
549 4113 763 4194 Themistonem
788 4113 913 4170 duxerat.
959 4111 1078 4192 Videtur
1101 4110 1148 4165 hic
1173 4111 1340 4192 Euripidem

189 4194 311 4252 secutus,
330 4184 358 4237 in
377 4186 466 4238 Inone
482 4184 646 4253 tragoedia.
672 4184 751 4237 cuius
770 4193 966 4253 argumentum
985 4182 1026 4236 sic
1044 4191 1156 4236 enarrat
1177 4181 1341 4250 Hyginus4

188 4256 216 4309 A
220 4255 372 4309 thamesin
386 4255 530 4308 Thessalia
538 4271 659 4308 rexcum
667 4256 783 4308 Inonem
793 4272 916 4321 uxorem,
926 4270 1024 4322 enque
1033 4253 1104 4306 duas
1109 4254 1184 4318 fili'as
1195 4251 1340 4322 [procrea

189 4326 293 4410 uerat]‚
298 4328 407 4396 perisse
411 4330 536 4395 mearet
540 4325 626 4378 duxit
633 4326 782 4396 Nymphae
780 4327 879 4395 filiam
893 4324 1094 4378 Themistonem
1105 4341 1220 4377 uxorem
1229 4329 1256 4377 et
1264 4341 1341 4377 exea

184 4399 314 4468 geminos
322 4398 404 4466 filios
417 4398 587 4467 procreauit.
624 4398 725 4449 Postea
743 4398 838 4450 resciit
848 4396 996 4448 Iuouem'
981 4411 1013 4448 m
1030 4396 1173 4448 Pamassa
1191 4411 1253 4462 esse,
1269 4412 1342 4464 quae

189 4468 376 4521 bacchationes
387 4485 486 4522 caussa
497 4485 528 4521 eo
541 4468 717 4537 pemeeucsse(
718 4465 752 4534 t)
766 4469 897 4536 misitque
908 4483 979 4535 quae
992 4483 1053 4518 eam
1066 4465 1235 4519 adducerent
1233 4483 1340 4534 ,quum

189 4539 341 4593 adductam
362 4539 474 4592 celauit.
510 4539 615 4592 Rescut
636 4539 663 4591 T
659 4537 775 4592 hemista
792 4555 853 4592 eam
873 4540 1019 4591 iuuentam
1039 4553 1102 4604 esse,
1120 4537 1170 4590 sed
1186 4553 1257 4606 quae
1273 4543 1344 4590 esset
