3312 5200
703 417 746 474 IN
776 417 872 475 IBIN.
1324 428 1362 482 45

206 572 322 647 positus
337 573 426 630 estin
440 574 503 650 pira
520 585 552 632 ut
569 576 796 634 combureretur.
840 575 899 634 Sed
917 595 953 634 ne
973 586 1057 636 uetus
1078 578 1150 637 liuor
1169 579 1363 638 occultaretur

201 653 330 712 'flamma
345 673 404 712 una
418 673 449 712 se
464 654 582 714 diuisit
575 675 604 714 rn
619 656 692 714 duas
707 668 813 733 partes.
855 657 895 716 P.

252 734 413 794 Historiam
430 739 520 832 tangit
535 738 571 796 de
586 737 706 796 Eteocle
722 748 750 796 et
764 738 920 814 Polynice
943 759 1041 817 quam
1059 741 1248 800 concordiam
1266 753 1362 801 uetus

206 816 258 874 ira
279 829 414 892 separat
434 820 505 895 pira
526 838 668 878 accensa
686 840 709 877 1
720 820 749 877 in
767 839 851 894 roge,
866 822 934 897 quia
951 823 1026 881 sicut
1042 823 1095 881 uiri
1115 823 1362 895 discordauerunt‚

207 899 249 958 ita
264 898 384 957 flamma
397 918 502 965 eorum
513 902 624 959 discors
640 910 669 958 et
683 912 815 978 separata
786 902 890 960 taluit.
935 902 968 962 C.

252 993 300 1054 4.7
327 981 436 1056 thue
465 986 549 1059 petit
575 985 691 1058 primo.
744 983 824 1042 Facit
813 985 1007 1059 tquamdam
1035 984 1252 1045 similitudinem
1277 987 1383 1063 quasi-

209 1061 320 1120 diceret
342 1062 422 1120 Sicut
441 1063 486 1120 ille
507 1064 556 1139 qui
574 1065 681 1158 alonge
700 1065 838 1123 iaculatur
856 1066 972 1124 hostem
991 1085 1076 1126 suum
1095 1085 1149 1126 nec
1168 1069 1262 1126 statim
1276 1069 1364 1126 caedit

209 1144 300 1202 sed
279 1161 320 1202 sic
334 1144 396 1202 uult
414 1145 520 1203 illum'
513 1146 646 1220 inprimis
661 1157 764 1204 terrere
779 1156 811 1205 ut
824 1146 922 1221 fugiat,
938 1149 980 1206 sic
1000 1167 1057 1223 ego
1078 1148 1210 1242 inprimis
1229 1161 1361 1224 praeten-

210 1225 284 1282 dens
304 1227 354 1283 tibi
374 1227 516 1301 quasdam
535 1228 630 1284 minas
649 1246 784 1302 perquer
800 1229 953 1305 resipiscas
973 1248 1035 1287 non
1055 1230 1151 1288 statim
1170 1230 1319 1289 iaculabor
1333 1241 1361 1290 te

208 1307 227 1365 i.
243 1307 379 1365 nondum·
392 1318 510 1383 tangam
525 1318 553 1366 te
568 1309 673 1366 acriori.
684 1309 919 1383 reprehensione.
962 1310 1003 1368 H.

253 1403 301 1461 54.
324 1389 445 1448 Tincta
466 1390 666 1464 Lycamben.
709 1390 864 1450 Licambes
882 1391 1037 1450 Neobulen
1056 1392 1144 1450 filiam
1162 1411 1244 1451 suam
1259 1393 1361 1452 Archi-

209 1469 298 1528 locho
327 1471 516 1546 desponsauit
541 1482 571 1532 et
595 1471 694 1530 dotem
719 1475 869 1548 promisit;
902 1491 991 1549 quarn
1016 1475 1083 1549 quia
1108 1483 1211 1548 postea
1235 1477 1361 1551 negauit,

210 1551 405 1610 Archilochus
420 1554 450 1610 in
465 1554 592 1611 iambico
607 1563 700 1611 metro
715 1555 889 1612 inuectiuam
910 1556 939 1611 in
959 1555 1055 1630 ipsum
1070 1554 1137 1613 lecit
1151 1566 1180 1613 et
1194 1565 1253 1614 tam
1268 1558 1364 1631 turpia

211 1633 248 1691 de
262 1651 299 1691 eo
315 1633 386 1692 dixit
401 1635 481 1709 quod
496 1636 591 1710 ipsum
606 1645 634 1692 et
648 1652 771 1693 uxorem
786 1647 814 1693 et
829 1636 916 1693 filiam
931 1636 969 1694 ad
983 1637 1103 1712 laqueos
1118 1638 1230 1713 coegit:
1254 1638 1362 1696 malue-

209 1726 277 1772 runt
292 1717 373 1773 enim
387 1717 461 1774 mori
476 1725 564 1792 qnam
580 1718 634 1774 sub
649 1719 778 1792 turpibus
793 1719 957 1792 obprobriis
972 1719 1078 1776 uiuere.
1124 1716 1157 1776 C.

253 1811 300 1870 55.
324 1797 416 1868 Quasi
438 1797 547 1857 diceret
565 1797 603 1855 Et
622 1800 774 1874 quomodo
790 1798 986 1857 Callimachus
1006 1799 1080 1857 filius
1099 1799 1175 1857 Batti
1194 1801 1270 1878 male
1289 1800 1365 1864 dixit

210 1880 357 1936 aemulum
380 1898 465 1937 suum
487 1881 534 1938 cui
555 1879 612 1938 hoc
634 1898 744 1938 nomen
770 1898 792 1938 s
814 1881 870 1938 ibis
891 1881 1037 1956 imposuit,
1060 1881 1116 1939 hoc
1138 1881 1228 1940 modo
1251 1891 1360 1940 ettam

210 1961 363 2018 execrabili
388 1961 591 2020 maledictione
616 1962 788 2019 maledicam
812 1962 863 2020 tibi
884 1972 915 2020 ut
939 1963 978 2020 ita
1000 1961 1078 2021 dicar
1100 1972 1166 2022 ate
1191 1963 1271 2021 illum
1296 1982 1364 2022 esse

210 2043 338 2100 imitatus
353 2044 509 2117 imponens
523 2044 572 2100 tibi
587 2043 645 2100 hoc
659 2044 738 2101 idem
754 2062 863 2102 nomen
878 2044 958 2120 quod
972 2046 1030 2101 etio
1044 2044 1174 2103 aemulus
1188 2044 1297 2104 habuit.
1326 2044 1359 2104 C.

252 2125 290 2181 ib.
313 2123 410 2181 Nunc
432 2142 497 2200 quo
520 2125 699 2183 Battiades.
742 2125 941 2184 Callimachus
958 2126 1032 2184 filius
1048 2127 1123 2184 Batti
1142 2126 1211 2186 fecit
1227 2127 1300 2186 haec
1318 2129 1364 2185 in.-,
1470 2109 1473 2116 ⁵

210 2207 325 2264 uectiua
340 2216 441 2263 contra
456 2205 529 2263 lbin.
572 2205 615 2264 H.

253 2300 301 2381 57.
332 2287 440 2363 thue
471 2287 526 2345 ille
558 2287 716 2346 historiis.
773 2286 973 2346 Callimachus
1001 2287 1124 2348 inuoluit
1152 2290 1280 2348 carmina
1309 2308 1362 2348 sua

210 2370 306 2427 caecis
327 2369 460 2428 historiis.
502 2367 550 2426 H.

254 2452 301 2508 60.
325 2450 456 2509 Oblitus
478 2451 579 2508 moris
600 2449 801 2526 iudiciique:
831 2451 913 2527 quod
933 2460 978 2510 est
999 2469 1059 2509 non
1081 2450 1117 2509 de
1138 2451 1216 2510 bello
1237 2459 1309 2510 tract
1299 2462 1361 2510 tare

211 2531 264 2593 sed
279 2533 337 2590 de
331 2549 405 2590 roco.
447 2531 490 2591 H

254 2626 300 2687 70.
274 2612 365 2670 oEt
386 2613 484 2672 sinite
505 2614 629 2690 optatis
650 2613 811 2690 pond'us
803 2631 914 2673 inesse
937 2614 1035 2688 meis:
1066 2613 1150 2672 sinite
1172 2631 1273 2672 uerum
1295 2632 1361 2672 esse

211 2695 291 2771 quod
307 2712 417 2770 precor.
464 2694 503 2752 H.

254 2791 301 2850 74.
327 2795 410 2852 quae
434 2794 606 2853 nunquam
630 2794 696 2852 quo
722 2776 812 2852 prius
837 2777 917 2836 orbe
941 2776 1063 2836 micas:
1096 2777 1164 2854 quia
1184 2786 1234 2834 aut
1254 2777 1361 2836 crescis
1390 2827 1394 2840 .

211 2867 260 2915 aut
275 2857 425 2916 decrescis
468 2857 510 2914 H.

253 2942 300 3012 78.
323 2939 560 3014 Inperiuratae.
577 2961 581 2968 ·
602 2938 732 2998 Victoria
750 2939 805 2997 diis
819 2941 1017 3014 pugnantibus
1033 2958 1099 2998 cum
1115 2939 1288 3015 gigantibus
1303 2939 1362 3008 filia

211 3021 292 3096 stigis
307 3019 453 3078 infernalis
468 3021 548 3079 fluuii
562 3021 611 3097 qui
626 3022 818 3096 inperiuratus
834 3022 943 3093 dicitur,
959 3023 989 3078 in
1004 3021 1114 3079 auxilio.
1125 3021 1190 3080 fuit:
1210 3023 1256 3080 cui
1270 3021 1361 3080 fluuio

210 3104 302 3178 gratia
317 3103 391 3160 filiae
407 3103 484 3160 hunc
498 3103 639 3161 honorem
655 3102 841 3170 dederuntut
855 3123 873 3160 a
889 3103 1005 3161 nemine
1020 3104 1217 3178 periuraretur.
1259 3102 1302 3161 H.

253 3198 300 3258 79.
324 3203 432 3258 angue
448 3184 595 3260 capillis:
615 3185 632 3243 i.
645 3185 748 3243 Alecto
759 3183 920 3260 Tisiphone
936 3197 963 3242 et
975 3184 1114 3260 Megaera
1128 3202 1252 3260 quarum
1266 3185 1361 3244 crines

203 3266 352 3325 colubrini
368 3276 442 3324 sunt.
484 3266 523 3324 P.

253 3351 300 3406 80
323 3346 485 3406 Carceris
530 3346 805 3423 Metamorphoseos
827 3357 930 3422 quarto
950 3345 996 3427 (iv.
1017 3345 1088 3423 452)
1109 3347 1262 3407 Carceris
1284 3357 1360 3405 ante

212 3428 302 3488 sores
324 3429 455 3487 clausas
477 3430 654 3488 adamante
676 3428 848 3486 sedebant.
895 3429 927 3488 C.

253 3515 299 3569 81
319 3511 389 3568 Vos
406 3529 539 3586 quoque
558 3511 660 3587 plebs
702 3509 753 3567 lsti
769 3511 808 3569 dn
823 3511 859 3570 de
874 3510 959 3587 plebe
974 3520 1040 3568 sunt
1054 3510 1134 3581 caeli
1150 3528 1210 3568 non
1226 3509 1262 3567 de
1277 3509 1361 3567 nobr
1382 3502 1387 3513 ’

210 3593 296 3651 litate.
342 3591 374 3650 C.

252 3693 301 3750 90
324 3674 506 3749 Pasiphaes
520 3673 641 3750 generi.
685 3619 819 3732 Theseus
834 3690 924 3748 gener
935 3671 1094 3748 Pasiphaes
1109 3672 1255 3729 execrauit
1270 3671 1361 3737 filium

211 3775 296 3814 suum
317 3755 517 3831 Hippolytum
542 3774 596 3830 pro
620 3756 692 3812 falsa
714 3755 913 3812 criminatione
938 3755 1036 3811 uxoris
1060 3771 1129 3811 suae
1150 3753 1309 3824 Phaedrae,
1332 3763 1363 3810 et

102 3881 104 3884 -
211 3838 362 3912 contingat
377 3839 427 3896 tibi
443 3839 516 3895 sicut
529 3837 568 3895 illi
582 3837 656 3896 fecit.
698 3836 740 3894 H.

248 4081 260 4128 3
265 4081 289 4128 5.
308 4069 417 4132 separet
431 4065 459 4116 C.

246 4150 288 4199 47.
307 4152 359 4188 nec
371 4142 426 4188 stat
439 4136 468 4186 H
536 4150 586 4202 per
598 4135 739 4202 resipiscas
752 4133 786 4186 H.

245 4223 287 4270 54.
307 4205 645 4258 LicambesneobolemG
713 4203 880 4257 ambichoC'
944 4201 1159 4256 infectiuuamC
1228 4197 1265 4269 in]
1280 4205 1308 4252 et
1322 4202 1350 4254 C:

245 4293 287 4340 55.
307 4277 514 4330 CalimachusG
595 4276 710 4330 bachiC
790 4274 952 4327 etraliumG
1032 4272 1214 4326 exacrabiliC
1294 4269 1364 4340 eius]¹

208 4348 307 4399 suusC
376 4348 571 4400 CalimacusH
639 4346 696 4399 bati
709 4347 744 4399 H.

245 4432 287 4481 57.
307 4418 460 4471 Calimacus
473 4419 508 4472 H.

246 4494 288 4542 80.
307 4489 457 4542 adamantis
470 4490 493 4542 G
560 4487 673 4541 sedebat
686 4489 714 4543 δὲ

246 4577 288 4624 90.
307 4559 439 4612 teseusH
507 4559 672 4627 pasiphesH
740 4558 874 4628 ypolitum
887 4557 927 4610 H.
