3312 5200
317 470 355 523 44
802 459 982 519 SCHOLIA

317 619 411 678 Publii
425 617 554 676 Nasonis
569 615 668 676 Ouidii
687 618 757 676 liber
771 619 971 678 inuectionum
990 617 1020 674 in
1036 617 1101 675 Ibin
1120 617 1247 693 incipit·
1274 615 1345 674 Non
1365 615 1472 674 dicitur

317 703 436 778 primus
452 701 520 777 quia
538 718 600 758 non
620 701 748 775 sequitur
762 700 917 770 secundus,
933 716 994 757 non
1009 709 1052 756 est
1067 699 1145 756 enim
1165 699 1220 755 nisi
1238 716 1322 756 unus.
1367 697 1471 755 Scien-

318 784 389 842 dum
403 793 501 840 tamen
515 791 560 839 est
574 781 654 857 quod
669 780 794 840 Ouidius
807 799 916 840 nomen
933 781 1023 839 inuidi
1043 781 1086 838 sui
1103 782 1202 838 reticet
1215 789 1247 837 ut
1261 781 1291 837 in
1306 779 1416 837 Ouidio
1433 779 1471 836 de

317 863 414 922 Ponto
430 863 468 921 ait
483 861 627 922 Nomine
644 880 711 919 non
730 873 801 920 utar
822 881 863 920 ne
883 861 1117 920 commendere
1139 860 1296 938 querella,
1315 872 1368 919 etc.
1413 859 1471 916 Per

319 945 536 1004 similitudinem
555 954 653 1002 tamen
672 943 733 1001 ibin
753 962 820 1002 eum
839 945 981 1014 nominat,
996 956 1025 1002 et
1039 944 1160 1000 merito:
1183 944 1239 1000 ibis
1253 943 1332 1000 enim
1348 951 1392 1000 est
1406 941 1470 998 auis

318 1037 412 1085 rostro
430 1025 521 1083 rubeo
536 1025 629 1084 cauda
649 1026 732 1100 nigra
751 1035 848 1084 cetero
863 1043 986 1100 corpore
1001 1025 1077 1082 albo,
1121 1025 1176 1082 Per
1194 1025 1365 1081 rubedinem
1384 1023 1471 1080 rostri

319 1107 485 1184 designatur
500 1106 619 1165 flamma
633 1107 759 1165 inuidiae
770 1125 829 1183 qua
842 1106 1038 1164 inflammatus
1053 1104 1168 1164 inuidus
1181 1105 1279 1164 Ouidii
1294 1105 1470 1180 sanguinem

320 1190 443 1247 sitiebat.
483 1187 539 1246 Per
553 1187 711 1246 candorem
730 1189 860 1264 corporis
880 1189 1030 1246 simulatus
1050 1205 1132 1246 amor
1146 1196 1262 1246 notatur
1276 1188 1359 1244 cuius
1378 1185 1472 1261 turpis

320 1270 386 1328 finis
407 1288 459 1346 per
478 1269 588 1328 caudae
607 1270 789 1345 nigredinem
809 1273 942 1346 aperitur.
986 1269 1061 1326 ltem
1080 1269 1194 1327 ciconia
1213 1276 1306 1326 rostro
1326 1285 1380 1325 suo
1401 1285 1472 1342 pur-

319 1370 389 1427 gare
413 1351 550 1409 inferiora
574 1351 685 1421 dicitur,
710 1353 789 1410 unde
813 1353 843 1408 in
869 1369 905 1409 ea
932 1350 1004 1408 nihil
1029 1361 1121 1409 rostro
1146 1350 1291 1408 sordidius
1315 1349 1471 1406 inuenitur.

320 1433 408 1490 Vnde
430 1450 481 1508 per
503 1433 594 1491 simile
616 1441 711 1507 potest
733 1433 789 1491 dici
811 1433 847 1491 de
868 1432 968 1490 inuido
985 1432 1066 1508 quod
1085 1451 1136 1490 ore
1158 1448 1212 1490 suo
1234 1430 1303 1488 nihil
1325 1430 1472 1489 sordidius

320 1514 454 1584 habebat,
477 1513 513 1572 de
535 1532 594 1590 quo
616 1513 810 1572 detractiones
834 1514 978 1590 prodeunt
999 1523 1028 1572 et
1052 1514 1178 1572 inuidiae
1202 1511 1239 1570 fel
1260 1511 1390 1570 destillat.
1434 1510 1473 1568 Id

320 1605 417 1654 autem
437 1595 518 1671 quod
538 1595 640 1654 dicitur
654 1595 691 1654 de
706 1596 820 1654 ciconia
838 1605 916 1653 recte
931 1595 1042 1654 uidetur
1057 1595 1158 1653 inuido
1173 1596 1340 1653 conuenire.
1382 1591 1472 1650 Vnde

319 1677 423 1736 merito
437 1677 557 1736 nomine
571 1677 656 1734 ibidis
671 1676 846 1753 designatur.
888 1677 930 1736 X.

364 1847 390 1907 7.
412 1832 524 1892 Vnus:
554 1833 572 1891 i.
592 1833 707 1892 inuidus
727 1853 815 1912 quem
835 1834 917 1893 aliter
934 1853 995 1893 non
1012 1835 1182 1906 nominab0,
1196 1853 1266 1893 non
1280 1832 1367 1904 sinit,
1382 1831 1474 1890 male-

321 1914 447 1973 dicendo
462 1915 499 1972 de
513 1933 570 1974 me
610 1913 688 1974 Hoc
708 1916 818 1993 ipsum
832 1916 913 1992 quod
927 1916 1072 1974 maledicit
1086 1916 1123 1973 de
1137 1934 1185 1974 me
1200 1927 1243 1975 est
1257 1934 1324 1974 mea
1342 1915 1473 1984 iniuria,

321 1997 391 2090 quia
411 2013 429 2053 a
434 1996 530 2136 gullo
549 1996 707 2073 uituperari
726 1997 818 2056 merui
838 2016 893 2056 nec
912 1999 1062 2075 potissime
1082 1999 1119 2056 ab
1139 1999 1187 2056 illo
1205 1998 1251 2056 cui
1271 1997 1399 2055 maxime
1414 2013 1474 2054 ser·
1497 2037 1504 2044 -

321 2096 391 2138 uiui.
462 2122 467 2135 .

365 2178 392 2232 9.
407 2169 588 2234 utcumque
599 2159 738 2219 latebit:
755 2161 1051 2237 i.aliquomod0‚non
1063 2161 1238 2236 appellando
1247 2161 1343 2236 ipsum
1353 2159 1474 2234 proprio

323 2240 443 2298 nomine
458 2240 510 2299 sed
525 2241 615 2301 lactis.
654 2240 723 2301 Hoc
739 2243 808 2301 dicit
823 2243 904 2318 quod
918 2261 979 2302 non
994 2245 1116 2300 omnino
1128 2243 1207 2313 latet,
1221 2243 1283 2300 imo
1297 2241 1475 2317 quibusdam

322 2322 541 2462 coniecturiscin
552 2322 612 2381 hoc
626 2324 700 2381 libro
715 2343 767 2400 per
778 2325 986 2401 descriptiones
997 2325 1099 2400 positis
1111 2323 1321 2401 aliquantulum
1333 2339 1476 2399 apparere

267 2429 270 2433 ·
323 2405 435 2480 poterit.
510 2447 517 2462 .

368 2504 414 2560 13·
436 2486 583 2561 requiem
609 2488 810 2563 quaerentia.
855 2486 924 2546 Hoc
941 2487 1011 2546 ideo
1027 2487 1097 2551 dicit
1117 2487 1194 2563 quia,
1214 2505 1282 2545 cum
1304 2487 1366 2562 ipse
1388 2484 1476 2543 mittit

324 2568 461 2642 epistulas
484 2568 584 2626 amicis
610 2569 669 2626 suis
693 2578 725 2626 ut
748 2569 888 2628 adiuuent
909 2586 985 2641 eum,
1001 2581 1045 2628 est
1063 2569 1090 2627 ei
1108 2568 1269 2627 contrarius
1291 2566 1475 2626 dehortando

323 2649 435 2707 amieos
448 2649 522 2707 illius
538 2659 644 2708 utnon
659 2649 804 2709 adiuuent.
846 2652 884 2709 P.

370 2733 414 2788 18.
434 2741 569 2806 pugnat.
592 2732 762 2790 Inmensam
777 2733 838 2791 eius
850 2732 984 2808 exprimit
995 2732 1174 2791 ferocitatem
1186 2741 1214 2790 et
1224 2730 1474 2800 inhumanitatem,

325 2812 401 2888 quia,
423 2829 490 2870 cum
501 2813 624 2871 deberet
644 2813 767 2873 miseriis
788 2816 847 2873 suis
869 2816 1006 2890 compati,
1027 2823 1154 2890 pugnat
1177 2815 1301 2875 habere
1324 2811 1475 2887 relliquias

325 2893 376 2953 sui
397 2893 571 2970 naufragii,
593 2895 764 2970 metaphora
777 2905 894 2972 sumpta
908 2914 926 2953 a
940 2895 1100 2971 naufragio
1145 2893 1179 2954 C.

371 2991 414 3048 19.
440 2975 495 3051 qui
515 2975 689 3034 debuerat:
713 2977 730 3035 i.
746 2977 795 3054 qui
813 2978 884 3035 mihi
898 2978 1036 3035 auxilium
1055 2987 1201 3053 praestare
1217 2975 1335 3034 deberet
1354 2983 1383 3032 et
1401 2972 1477 3032 meis

325 3056 546 3115 necessitatibus
561 3057 711 3132 suffragari
725 3068 793 3134 post
806 3077 873 3117 mea
888 3071 1009 3118 conatur
1024 3061 1156 3135 arripere,
1172 3058 1344 3134 metaphora
1358 3065 1477 3132 sumpta

316 3137 363 3221 ¹ab
377 3137 514 3195 incendio
528 3138 565 3195 ad
580 3141 661 3214 quod
675 3143 758 3214 specie
772 3141 961 3216 extinguendi
978 3141 1060 3199 multi
1075 3140 1197 3199 ueniunt
1213 3140 1266 3198 sed
1282 3150 1476 3214 posteaquam

325 3227 456 3294 possunt,
472 3219 595 3294 rapiunt.
640 3219 673 3279 C.

369 3317 416 3355 21.
438 3300 606 3377 profugae.
649 3302 704 3360 Per
717 3320 839 3362 uxorem
853 3322 950 3362 meam
966 3321 1054 3379 quam
1069 3301 1186 3360 retrahit
1200 3304 1237 3359 ab
1251 3302 1357 3361 officio.
1397 3301 1476 3358 Nam

327 3379 436 3439 Ouidio
447 3382 633 3440 mittebantur
643 3383 752 3442 reditus
767 3402 885 3444 suarum
899 3386 1119 3462 possessionum
1130 3384 1209 3442 unde
1219 3385 1338 3443 uiuebat
1346 3384 1377 3440 in
1388 3382 1476 3440 exilio

326 3464 365 3520 ab
378 3479 470 3521 uxore
488 3481 557 3522 sua:
580 3483 658 3523 nunc
673 3475 771 3523 autem
785 3466 901 3525 inuidos
915 3467 1109 3526 dissuadebat.
1153 3465 1189 3525 C.

367 3552 531 3603 senectae.
573 3545 686 3605 Malum
700 3557 744 3606 est
758 3549 837 3606 enim
852 3549 913 3607 seni
931 3549 1094 3607 necessaria
1107 3547 1227 3618 auferre,
1242 3545 1325 3624 peius
1339 3545 1476 3622 profugo,

327 3625 379 3685 sed
393 3627 553 3702 pessimum
568 3629 631 3687 seni
645 3640 674 3686 et
688 3629 823 3705 profugo.
863 3629 902 3690 C.

369 3726 416 3782 30.
438 3707 570 3767 debitus
591 3709 696 3769 hostis
717 3729 791 3768 ero-2
815 3712 833 3768 i.
849 3712 959 3770 debitas
974 3711 1136 3769 inimicitias
1151 3711 1303 3769 exercebo

370 3803 416 3865 35.
439 3789 480 3848 Et
498 3808 586 3849 noua
603 3792 758 3851 fraterno
793 3792 929 3852 Eteocles
938 3804 972 3851 et
985 3793 1139 3870 Polynices
1154 3791 1269 3850 luerunt
1283 3790 1392 3862 fratres,
1407 3789 1479 3849 alter

327 3888 451 3948 quorum
474 3882 591 3931 mortuo
617 3884 698 3949 patre
720 3893 845 3951 regnum
868 3874 943 3932 fratri
964 3875 1001 3933 ad
1023 3885 1139 3950 tempus
1160 3873 1326 3949 relinquens
1347 3871 1478 3932 Creonta

326 3971 427 4029 regem
440 3953 538 4014 adluit.
580 3955 687 4014 Postea
703 3973 774 4014 uero
794 3957 909 4016 rediens
928 3975 1052 4032 regnum
1067 3975 1084 4014 a
1099 3955 1185 4014 fratre
1200 3955 1303 4031 petiuit
1316 3963 1346 4013 et
1359 3953 1477 4012 fratrem

327 4035 476 4094 nolentem
497 4036 551 4094 sibi
569 4053 693 4112 regnum
712 4038 833 4096 reddere
852 4038 929 4096 bello
949 4038 1055 4096 inuasit
1071 4048 1102 4096 et
1119 4038 1160 4095 sic
1175 4047 1295 4113 uterque
1310 4035 1477 4095 interfectus

365 4197 390 4245 9.
409 4185 538 4248 appetere
550 4183 568 4236 i.
581 4199 711 4252 apparere
724 4186 753 4240 C.

367 4268 408 4315 13.
426 4258 458 4304 ut
470 4253 559 4319 ipsum
571 4271 627 4307 non
640 4256 802 4310 adiuuarent
814 4255 845 4310 P.

367 4326 408 4372 18.
426 4322 454 4374 in
467 4339 589 4377 mensum
603 4327 631 4380 C.

368 4409 409 4455 19.
427 4392 462 4445 ad
475 4396 549 4461 quod
561 4396 618 4463 ipse
631 4398 807 4464 extinguendi
821 4400 849 4452 C.

367 4479 409 4515 21.
429 4463 463 4515 ab
476 4465 566 4519 officio
579 4483 642 4520 meo
654 4468 682 4521 C.

367 4549 408 4597 35.
428 4534 547 4589 Te'ucles
561 4543 589 4590 et
602 4539 742 4605 pollinices
754 4543 778 4593 P
849 4537 984 4608 Creonta]
998 4541 1074 4592 immo
1089 4541 1242 4593 Adrastum.
