3312 5200
299 448 337 504 74
785 443 966 506 SCHOLIA

342 619 409 674 411.
432 600 597 679 Quaeque
621 600 728 661 Ceres
752 599 851 659 uidit.

298 683 346 743 De
374 682 513 743 Cercione
541 684 591 760 qui
619 682 692 742 festa
714 681 852 742 Eleusina

300 764 399 824 Cereri
413 763 546 823 facienda
559 764 735 841 inpediebat.
780 762 817 822 G.

341 845 477 916 Cercion,
491 855 524 906 ut
537 844 681 906 Isocrates
696 846 801 916 scribit,
816 862 906 921 quum
922 843 1000 920 apud
1014 841 1156 920 templum
1172 842 1284 902 Cereris
1295 842 1455 903 Eleusinae

321 929 469 1004 eregrinos
490 937 607 987 necaret
628 947 646 986 a
667 926 788 985 Theseo
809 927 925 986 occisus
945 937 998 997 est,
1019 935 1051 984 ut
1073 924 1197 984 Ouidius
1218 926 1306 984 etiam
1327 927 1358 982 in
1380 925 1455 984 Met.

299 946 391 1090 lVJJ.
407 1004 481 1089 439]
499 1007 689 1084 Cercyonis
709 1009 814 1068 letum
832 1008 917 1066 uidit
931 1006 1086 1066 Cerealis
1103 1007 1260 1065 Eleusin.
1301 1007 1384 1083 Ergo
1404 1008 1455 1083 qui

304 1090 447 1164 Geryonae
462 1090 591 1150 scribunt
604 1090 747 1149 falluntur.
779 1089 857 1148 Nam
869 1087 1079 1166 Geryonesuel
1088 1087 1207 1165 Geryon
1222 1088 1269 1147 uel
1278 1087 1455 1164 Geryoneus

300 1189 363 1232 non
377 1191 395 1230 a
409 1170 528 1232 Theseo
541 1172 593 1230 sed
607 1173 646 1232 ab
657 1169 785 1230 Hercule
799 1170 966 1229 interfectus
980 1180 1024 1228 est
1038 1171 1217 1245 tergeminus
1231 1170 1329 1241 homo,
1342 1187 1399 1228 nec
1410 1180 1456 1228 est

300 1254 416 1313 occisus
434 1253 513 1330 apud
528 1251 664 1314 Cererem
680 1252 848 1311 Eleusinem
868 1251 967 1312 sedin
982 1251 1112 1310 Hiberia.
1157 1251 1226 1310 Caci.
1242 1254 1280 1326 36
1296 1249 1460 1309 Scmz'narzi'

299 1336 449 1394 Patauria'.

343 1433 411 1490 415.
431 1415 553 1488 Qualis
569 1414 851 1475 Achaemenides.
934 1413 1035 1474 Vlixes
1049 1413 1223 1490 Poliphemo
1241 1423 1343 1490 erepto
1364 1414 1452 1472 oculo

301 1497 413 1556 Notum
428 1508 472 1558 est
486 1497 606 1574 qualiter
616 1497 853 1558 Achaemeniden
894 1495 1008 1572 fugiens
1024 1495 1260 1554 Achaemeniden
1275 1496 1314 1552 ibi
1330 1496 1452 1572 reliquit,

301 1578 449 1638 Graecum
471 1580 594 1638 Troiani
619 1578 649 1638 in
671 1579 740 1637 naui
761 1579 852 1639 admi·
894 1578 943 1655 qui
972 1577 1064 1635 latens
1091 1596 1147 1636 nec
1173 1586 1293 1652 propter
1317 1577 1454 1652 Poliphe-

301 1671 408 1722 serunt.
454 1660 491 1721 G.
896 1677 979 1718 mum
996 1659 1107 1717 audens
1128 1659 1249 1726 moueri,
1263 1677 1358 1734 paene
1377 1658 1454 1716 fame

897 1741 980 1817 periit
989 1751 1018 1798 et
1027 1739 1132 1816 frigore
1143 1740 1199 1798 nisi
1207 1741 1324 1799 Aeneas
1335 1739 1455 1798 a'Troia

895 1822 1011 1898 lugiens
1022 1840 1089 1879 eum
1102 1823 1249 1898 exciperet
1258 1821 1454 1881 testeOuidio

896 1903 1006 1962 Meta⁰⁸
1020 1901 1087 1982 (xiv.
1105 1905 1162 1961 160
1177 1901 1255 1981 sqq.)
1300 1902 1335 1962 C.

343 2003 412 2064 417.
432 1987 619 2046 binominis
635 1988 689 2046 Iri.
732 1986 796 2046 Irus
811 2004 912 2045 seruus
926 1985 1020 2044 Vlixis
1034 1985 1104 2044 luit:
1127 1985 1177 2063 qui
1191 1985 1270 2061 apud
1285 1985 1454 2044 Homerum

302 2069 437 2130 Amaeus
455 2071 549 2129 dictus
563 2079 616 2128 est.
662 2068 698 2129 G.

337 2245 398 2292 411.
417 2226 539 2279 Gerione
553 2227 576 2281 G
655 2226 725 2279 Idem
741 2244 817 2279 error
834 2225 933 2294 longius
950 2227 1043 2294 serpsit
1060 2226 1087 2280 in
1104 2225 1127 2278 G
1141 2236 1167 2278 et
1184 2226 1248 2278 Ask.
1266 2226 1364 2279 Chaec
1379 2224 1456 2275 habet

302 2299 413 2353 Gereon
426 2298 563 2366 tricorpor
574 2296 724 2365 inhispauia
736 2312 847 2349 acerere
856 2297 921 2348 odio
933 2295 1087 2349 habebatur
1100 2296 1145 2348 uel
1155 2296 1218 2364 quia
1230 2297 1311 2348 nimis
1323 2296 1358 2347 de
1368 2294 1455 2359 frugi·

301 2365 352 2422 bu's
371 2369 551 2422 consumebat
569 2368 613 2420 uel
631 2369 696 2436 quia
713 2367 784 2420 cube
800 2367 878 2419 usina
897 2367 927 2436 (l.
946 2366 1078 2435 eleusina)
1098 2367 1168 2419 festa
1186 2367 1268 2434 ipsius
1288 2365 1456 2433 impediebat

302 2438 375 2493 unde
388 2441 443 2494 leto
456 2439 534 2492 uultu
547 2439 617 2491 uidit
633 2440 720 2507 ipsum
738 2438 862 2491 atheseo
879 2436 1103 2490 interfectionem
1117 2438 1147 2506 (l.
1161 2435 1352 2504 interfectum)
1365 2437 1455 2489 eadem

301 2531 347 2579 que
359 2513 423 2564 Ast.
436 2511 480 2564 sed
489 2510 662 2563 emendatiora
743 2507 889 2577 Isocrates]
903 2510 1023 2579 respicere
1034 2509 1134 2562 uidetur
1144 2506 1251 2576 Ἑλένης
1263 2506 1407 2578 Ἐγκώμιον
1422 2523 1453 2570 32

302 2582 345 2635 abi
356 2594 441 2636 tamen
454 2583 519 2635 nihil
530 2582 560 2634 de
571 2581 662 2649 templo
675 2580 772 2633 Cereris
784 2580 929 2632 Eleusinae.

338 2669 399 2717 415.
418 2651 627 2705 achimenideG
707 2650 942 2704 achimenidernC
1020 2650 1133 2703 audiens
1146 2651 1175 2703 C.

339 2739 399 2787 417.
418 2725 480 2776 Post
492 2721 544 2775 fuit
556 2723 630 2775 addit
644 2722 667 2774 G
685 2737 720 2774 eo
732 2737 749 2774 a
761 2721 848 2774 Troia
865 2737 977 2774 reuerso
995 2727 1142 2774 excecatus
1159 2724 1202 2773 est
1219 2725 1248 2774 et
1261 2726 1375 2788 pontem
1389 2735 1455 2774 cum

304 2794 363 2848 aliis
381 2793 554 2847 custodiebat
572 2793 729 2860 petentibus
748 2792 924 2844 elemosinam
942 2807 958 2844 a
976 2792 1189 2844 transeuntibus.
1226 2807 1296 2860 quos
1313 2807 1410 2844 omnes
1426 2793 1455 2844 in

303 2880 402 2933 aquarn
420 2865 537 2932 proiecit
559 2864 618 2915 siue
639 2862 737 2916 darent
755 2862 812 2914 siue
831 2879 886 2915 non
905 2862 1020 2915 darent:
1046 2881 1108 2931 qaae
1125 2864 1206 2916 amisi.
1243 2862 1457 2932 QuaehabeatG

305 2937 370 2989 Ast.
383 2937 460 2988 Mure
472 2937 498 2988 ia
511 2941 609 2987 textum
622 2953 670 2990 non
683 2935 770 3002 recepi,
782 2936 842 3002 quia
854 2936 937 3002 inepta
950 2934 1110 2987 uidebantur.
1197 2935 1262 2987 Sunt
1273 2936 1353 2987 haec:

586 3006 665 3057 Mure
1124 3005 1219 3058 CAsk.

339 3076 452 3129 Ariston
475 3073 552 3144 (ten
575 3075 662 3142 Mare)
687 3073 740 3127 fuit
764 3090 859 3126 seruus
927 3073 1457 3142 IrusseruusulixisipsoreuersoaTroia

304 3148 391 3212 ulixis,
410 3145 486 3198 cuius
505 3144 596 3197 fabula
617 3146 677 3198 talis
699 3151 749 3197 est.
796 3161 860 3213 yrus
897 3144 932 3196 ab
944 3144 1043 3197 eodem
1059 3150 1205 3200 excecatus
1217 3151 1267 3198 est.
1308 3145 1361 3198 Sed
1373 3144 1456 3197 bino·

304 3233 400 3270 seruus
423 3231 471 3268 seu
495 3231 590 3267 scurra
610 3231 658 3268 seu
683 3216 808 3268 abiectus
830 3220 860 3267 et
898 3216 983 3268 mium
994 3215 1040 3284 (sic
1050 3214 1152 3283 cAsk.)
1162 3231 1226 3268 eum
1235 3217 1381 3284 appellauit
1391 3217 1456 3284 quia

305 3303 388 3354 egens
406 3286 486 3339 ulixis
510 3285 646 3337 binomius
667 3285 739 3353 apud
761 3286 859 3338 home-
898 3285 1454 3356 idemArticon(om.Ask.‚numArnionl)

304 3374 375 3411 rum.
415 3355 543 3424 Namque
561 3357 663 3408 ariston
681 3357 740 3409 siue
757 3371 859 3423 argeon
898 3357 999 3409 dicitur
1008 3356 1081 3424 apud
1091 3357 1259 3411 Homerum:
1272 3357 1317 3410 uel
1325 3358 1389 3423 quia
1399 3357 1456 3410 duo

304 3430 363 3482 siue
381 3428 505 3480 arimeon
523 3426 633 3492 dicitur,
645 3426 680 3479 ab
697 3442 731 3479 eo
747 3443 860 3480 reuerso
896 3427 1011 3480 fuerunt
1034 3428 1083 3492 dri,
1108 3429 1178 3481 alter
1203 3430 1311 3481 Arneus
1337 3428 1456 3497 (Argeos

306 3517 322 3553 a
347 3499 435 3551 Troia
459 3513 522 3550 curn
552 3497 644 3550 multis
669 3497 861 3565 dissipantibus
898 3498 942 3550 uel
965 3499 1065 3565 Algeus
1089 3497 1125 3566 G)
1149 3499 1184 3552 ab
1209 3499 1282 3553 ulixe
1308 3505 1456 3551 excecatus

305 3568 379 3624 bona
391 3585 438 3622 sua
447 3568 605 3621 exoculatus
615 3575 667 3622 est.
700 3585 764 3637 yrus
776 3569 860 3621 etiarn
899 3567 1032 3638 (Argiuus
1041 3569 1075 3622 ab
1087 3569 1209 3623 Hercule
1220 3585 1280 3624 exc.
1288 3568 1377 3637 Ask.)‚
1386 3570 1457 3623 alter

306 3657 370 3695 cum
389 3639 481 3692 multis
497 3639 569 3692 cecis
587 3644 616 3691 et
632 3639 732 3692 mancis
749 3640 861 3708 (mansis
899 3640 1043 3692 bistonius
1057 3640 1206 3709 (bisconius
1231 3639 1269 3710 C)
1295 3656 1379 3708 quem
1404 3657 1456 3708 pro

307 3710 395 3779 Mure)
419 3725 564 3779 proseucas
586 3709 613 3761 in
633 3709 752 3778 quodam
774 3716 860 3778 ponte
898 3709 977 3762 furto
1002 3709 1111 3763 iudices
1145 3717 1357 3764 excecaueruut.
1404 3711 1456 3764 Vel

305 3782 411 3836 habuit.
443 3779 515 3833 unde
529 3780 566 3832 illi
578 3796 675 3833 omnes
688 3786 862 3834 transeuntes
897 3781 1035 3834 binomius
1051 3782 1153 3834 dicitur
1168 3786 1283 3850 propter
1298 3781 1456 3850 oppositum

306 3869 355 3905 seu
373 3854 471 3906 darent
490 3851 667 3904 eleemosinas
685 3850 862 3919 (elemoziuas
901 3850 1043 3920 (Ouidium
1069 3851 1145 3920 Ask.)
1176 3853 1240 3920 quia
1269 3853 1370 3906 dicitur
1396 3853 1456 3922 (qui

307 3922 395 3991 Mure)
414 3923 472 3975 siue
490 3937 546 3974 non
566 3922 594 3973 in
612 3921 725 3974 fluuium
744 3923 861 3990 precipi-
900 3921 977 3974 dedit
989 3921 1026 3990 C)
1051 3922 1123 3975 lrus
1147 3938 1244 3990 egens
1268 3923 1344 3992 (Her.
1364 3923 1387 3976 l.
1407 3921 1454 3990 95)

306 3994 412 4047 tabant.
422 3991 469 4045 uel
480 3992 567 4058 aliter,
578 3993 711 4060 Gigantes
724 3992 861 4060 quendam
900 3998 929 4046 et
958 3994 997 4046 ita
1020 3993 1091 4046 lrus
1121 3998 1165 4046 est
1188 4010 1273 4046 unum
1299 4011 1401 4047 nomen
1426 4000 1456 4048 et

310 4070 423 4132 pontem
437 4062 570 4116 tenebant
581 4069 610 4115 et
621 4069 812 4130 pretereuntes
824 4063 862 4116 ibi
900 4079 999 4130 egens
1011 4064 1093 4117 aliud.
1129 4064 1183 4116 Alii
1196 4065 1292 4117 dicunt
1304 4065 1380 4133 quod
1394 4065 1456 4118 lrus

307 4133 515 4203 precipitabant.
551 4132 626 4201 quod
644 4139 740 4201 postea
758 4133 808 4202 ipsi
827 4134 862 4187 ab
900 4149 982 4187 cecus
996 4135 1024 4186 in
1037 4141 1122 4204 ponte
1135 4135 1255 4203 quodam
1268 4136 1456 4189 eleemosinam

306 4205 365 4258 aliis
383 4205 452 4272 passi
470 4208 540 4258 sunt
585 4204 687 4258 Similia
705 4207 783 4260 etiam
802 4225 824 4262 s.
837 4227 862 4260 u.
902 4205 1029 4274 (elemll
1041 4205 1114 4259 elim.
1127 4206 1205 4273 Ask.)
1219 4222 1235 4259 a
1250 4207 1457 4262 transeuntibus

309 4276 382 4327 Yrus
395 4277 518 4344 repetiuit.
900 4275 1027 4343 petebat;
1052 4277 1221 4344 quicumque
1239 4277 1322 4330 dabat
1341 4277 1457 4347 (dabant

900 4344 934 4413 C)
972 4347 1059 4413 ipsum
1084 4347 1197 4400 dantem
1223 4347 1257 4400 de
1281 4355 1368 4416 ponte
1392 4364 1456 4416 pre·

901 4417 1032 4484 cipitabat
1044 4415 1176 4486 (petebat,
1187 4419 1234 4486 qui
1246 4419 1296 4471 sibi
1309 4419 1407 4472 dantes
1420 4420 1456 4472 de

901 4493 986 4556 ponte
999 4487 1196 4556 praecipitabat
1204 4489 1290 4558 Aah).
1328 4489 1457 4544 Tandem

901 4559 958 4627 ipse
970 4558 1148 4627 precipitatus
1160 4566 1212 4642 est.
