3312 5200
305 431 362 488 128
712 423 1058 486 COMMENTARIVS.

300 585 392 654 μορφά
410 585 440 638 τὸ
458 583 538 638 πάλαι
557 581 664 652 θράσος·
684 580 701 634 ά
719 580 742 634 δ’
760 582 892 652 όγέρωχος
911 579 1004 635 Λύσσα
1023 580 1064 634 καί
1082 581 1110 634 ε’ν
1127 579 1217 652 χαλκῷ
1235 582 1302 633 κεῖνο
1320 582 1351 634 τὸ
1370 583 1466 648 πικρόν
1543 615 1549 630 .

302 657 357 724 ἔχει
378 665 406 710 et
428 655 483 708 hoc
505 670 568 708 esse
590 655 749 718 disparem
771 657 899 708 eurtum.
940 654 1046 706 Contra
1069 651 1198 720 Heynius
1220 651 1249 704 in
1270 654 1401 706 Excursu
1424 654 1465 707 ad

301 727 373 780 Aen.
394 724 440 780 vii.
462 726 515 793 689
534 725 709 792 μονοκρηπῖδα
727 723 768 778 sic
788 723 986 793 interpretatus
1007 733 1050 777 est
1071 722 1150 792 quasi
1170 740 1227 776 uno
1249 732 1360 776 tantum
1379 740 1464 778 crure

301 807 416 850 ocreato
444 795 526 850 fuerit
556 795 699 864 Lycurgus
731 805 816 864 atque
847 794 912 848 ideo
943 793 1052 848 facilius
1085 793 1164 847 alteri
1191 794 1293 847 falcem
1318 793 1463 848 inflixerit.

301 871 372 922 347.
390 870 514 922 Oetaeo.
548 865 662 921 Herculi
677 865 723 935 qui
738 865 766 919 in
780 867 855 919 Oeta
867 874 963 918 monte
976 863 1066 934 periit.
1105 865 1241 918 Furorem
1256 864 1388 918 Herculis
1402 882 1463 919 non

301 955 367 992 eum
387 937 513 1006 intelligo
535 953 591 1006 quo
611 947 755 1005 correptus
778 936 885 990 Lichan
908 953 942 989 ex
961 937 1036 989 Oeta
1055 934 1166 1002 deiecit,
1185 935 1237 988 sed
1258 934 1382 1003 priorem
1402 953 1462 1004 quo

302 1007 451 1062 instinctus
469 1007 576 1075 regiam
596 1007 703 1062 Thebis
723 1017 869 1076 tamquam
890 1008 1029 1075 Mycenae
1047 1015 1141 1060 essent
1154 1004 1305 1059 demolitus
1323 1015 1374 1072 est,
1394 1023 1463 1060 mox

301 1078 405 1134 liberos
419 1088 447 1132 et
460 1094 576 1132 uxorem
590 1079 738 1146 Megaram
758 1077 906 1131 interfecit.
944 1076 1083 1130 Fabulam
1101 1086 1249 1130 narrarunt
1263 1075 1417 1144 Euripides
1431 1077 1461 1130 in

301 1146 427 1216 Ἠρακλεῖ
443 1149 603 1220 Μαινομένῳ,
624 1149 733 1202 Seneca
752 1147 780 1200 in
795 1149 918 1202 Hercule
932 1149 1061 1201 Furente.
1093 1163 1268 1212 generoque
1285 1150 1463 1201 draconum

300 1218 476 1286 Athamanti,
490 1218 534 1272 cui
554 1219 649 1287 nupsit
670 1221 723 1272 lno
741 1218 799 1272 filia
818 1218 920 1272 Cadmi
939 1228 967 1272 et
988 1216 1170 1272 Harmoniae.
1219 1216 1275 1270 Hic
1294 1218 1329 1270 ab
1349 1219 1463 1272 Iunone

300 1292 415 1344 insania
428 1290 530 1343 obiecta
542 1289 699 1342 Learchum
705 1291 804 1360 filium
817 1290 957 1360 interfecit
970 1289 1044 1356 Hyg.
1059 1304 1084 1341 2.
1122 1289 1198 1342 Fast.
1212 1287 1247 1341 iv.
1261 1289 1320 1356 489.
1387 1292 1461 1344 348.

301 1364 520 1424 Tisamenique
540 1364 625 1425 patri
646 1360 748 1414 Oresti.
780 1361 863 1414 Faus,
876 1359 903 1414 ii.
921 1361 960 1413 18.
973 1360 990 1412 6
1003 1357 1130 1427 Ὀρέστου
1150 1359 1178 1411 δέ
1200 1358 1374 1413 ἀποθανόντος
1393 1361 1462 1430 ἔσχε

301 1433 444 1493 Τισόμενος
461 1431 507 1498 την
525 1429 607 1500 άρχὴν
623 1428 758 1501 ΙΕρμιόνης
774 1432 820 1497 τῆς
838 1431 971 1483 Μενελάου
989 1431 1030 1482 καὶ
1049 1426 1176 1496 Ὀρέστου
1193 1431 1259 1483 παῖς.
1291 1429 1461 1498 (Micyllus.)

302 1505 540 1565 Callirhoesque
552 1505 632 1555 uiro.
663 1501 837 1563 Alcmaeoni,
851 1501 898 1570 qui
913 1501 1066 1569 Eriphylae
1084 1498 1182 1553 matris
1201 1499 1366 1554 interfectae
1379 1500 1461 1555 furiis

301 1583 381 1628 actus
395 1591 429 1626 ex
448 1572 530 1640 Argis
548 1571 670 1641 profugit
690 1571 718 1624 in
737 1571 891 1625 Arcadiam
908 1582 935 1626 et
955 1571 1021 1624 inde
1040 1571 1078 1624 ad
1095 1571 1260 1637 Acheloum,
1274 1570 1321 1623 ubi
1341 1571 1461 1640 resipuit

301 1654 329 1698 et
353 1643 473 1697 Acheloi
498 1642 584 1696 filiam
611 1642 771 1697 Callirhoen
790 1642 868 1696 duxit
894 1644 977 1696 Paus.
996 1641 1053 1695 viii.
1072 1657 1114 1708 24·
1134 1657 1159 1708 4,
1178 1641 1309 1710 Apollod.
1329 1640 1368 1694 iii.
1386 1655 1410 1707 7.
1435 1655 1460 1710 5.

302 1713 397 1767 Aliam
425 1713 585 1767 Callirhoen
616 1723 754 1768 memorat
787 1713 943 1767 Pausanias
974 1711 1019 1766 vii.
1049 1728 1080 1765 21
1112 1712 1157 1780 (cf.
1189 1712 1345 1766 Buecheler
1382 1715 1458 1767 Mus.

302 1786 394 1838 Rhen.
418 1801 442 1838 a.
470 1785 544 1852 1879,
576 1801 602 1853 p.
622 1783 684 1852 347)
723 1801 808 1854 quarn
832 1785 953 1838 Coresus
978 1783 1111 1837 sacerdos
1137 1782 1243 1836 Bacchi
1268 1792 1333 1835 cum
1355 1783 1461 1838 frustra

303 1865 410 1908 amaret
436 1871 470 1907 ac
499 1853 576 1908 iussu
606 1854 711 1908 oraculi
737 1854 888 1908 Dodonaei
913 1871 964 1924 pro
990 1852 1162 1922 Calydoniis,
1188 1853 1289 1923 quibus
1315 1852 1361 1906 hic
1386 1854 1459 1908 deus

302 1924 429 1978 diuinum
447 1924 569 1979 furorem
589 1924 752 1993 immiserat,
771 1926 809 1979 ad
827 1943 905 1978 aram
925 1924 1033 1978 uideret
1051 1923 1115 1978 duci
1135 1935 1165 1978 ut
1184 1942 1202 1977 a
1220 1941 1250 1977 se
1270 1923 1332 1993 ipso
1350 1935 1459 1978 macta-

300 2006 385 2062 retur,
407 1995 467 2064 ipse
490 2011 542 2048 sua
563 2013 649 2049 manu
671 1996 742 2049 mori
761 1995 867 2050 maluit.
906 1996 964 2050 Sed
984 1995 1118 2049 Ouidium
1134 1995 1170 2048 de
1186 1995 1361 2048 Alcmaeone
1380 1995 1459 2064 loqui

302 2075 381 2135 patet
400 2083 434 2120 ex
454 2065 545 2119 Plauti
566 2067 645 2135 Capt.
666 2066 703 2121 iii.
723 2082 746 2133 4.
768 2081 803 2134 30
820 2066 868 2120 ubi
892 2068 1035 2134 Lycurgus
1053 2067 1210 2118 Alcmaeon
1233 2067 1349 2119 Orestes
1372 2065 1458 2119 simili

302 2137 388 2189 modo
407 2135 622 2204 coniunguntur.
710 2140 779 2190 349.
798 2144 944 2192 matrona
963 2137 997 2190 ‘a
1015 2138 1144 2190 consort'
1162 2136 1215 2191 i.e.
1234 2153 1303 2190 uxor
1321 2135 1458 2191 adiuncta

302 2207 417 2261 notione
436 2205 581 2274 dignitatis
599 2207 820 2278 sanctitatisque.
860 2210 927 2262 Her.
942 2227 966 2262 v.
981 2209 1014 2275 83
1027 2209 1094 2260 Non
1111 2213 1205 2260 tamen
1220 2213 1271 2261 ut.
1286 2248 1292 2261 .
1307 2247 1313 2260 .
1326 2207 1459 2260 Hecubae

296 2279 406 2346 fuerim
429 2278 637 2332 dissimulanda
661 2296 761 2333 nurus.
797 2280 951 2348 Dignaque
974 2295 1037 2331 sum
1061 2284 1089 2331 et
1111 2279 1193 2347 cupio
1209 2279 1282 2348 fieri
1303 2287 1459 2332 matrona

296 2351 430 2419 potentis.
518 2352 587 2403 350.
607 2352 679 2410 Qua
699 2349 817 2418 Aegiale
839 2367 924 2403 uxore
948 2348 1104 2403 Diomedis.
1143 2351 1233 2402 Tzetz.
1255 2348 1293 2402 ad
1315 2349 1381 2415 Lyc.
1403 2348 1459 2401 610

301 2420 336 2474 ὣς
357 2419 503 2490 Μίμνερμος
524 2419 603 2489 λέγει,
622 2420 672 2474 ὑπὸ
692 2421 835 2488 Διομήδους
854 2420 984 2488 τρωθεῖσα
1004 2419 1018 2487 ἡ
1041 2417 1192 2488 Ἀφροδίτη,
1212 2415 1392 2489 παρεσκεύασε
1410 2419 1459 2485 την

302 2490 451 2560 Αἰγιάλειαν
462 2491 573 2544 πολλοῖς
585 2491 631 2558 μέν
643 2493 744 2559 μοιχοῖς
755 2491 927 2558 μοιχευθῆναι·
954 2489 1155 2559 συγκοιμηθηναι
1168 2491 1196 2542 δέ
1209 2491 1250 2542 καὶ
1263 2489 1298 2559 τηῖ
1309 2487 1458 2561 Ἱππολύτῳ

301 2563 342 2614 καὶ
356 2559 459 2629 Κομίητη
478 2563 514 2630 τῷ
528 2560 653 2614 Σθενέλου
672 2562 726 2632 υἱῲ.
765 2561 841 2615 Hinc
856 2562 1024 2631 Lycophron
1037 2559 1179 2614 612Ὅταν
1198 2560 1326 2628 θρασεῖα
1345 2559 1458 2628 θουρδς

302 2629 768 2702 αἷστρησηκύωνΠρδςλέκτρα.
867 2636 932 2685 351.
951 2636 1109 2696 Quaeque.
1146 2633 1190 2684 Ex
1204 2633 1335 2699 Polyaen.
1349 2630 1407 2683 viii.
1424 2643 1456 2698 57

301 2701 409 2771 primus
439 2701 605 2772 interpretor
633 2703 669 2756 de
693 2703 814 2757 Arsinoe
847 2702 1017 2771 Lysimachi,
1041 2719 1107 2755 mox
1136 2701 1291 2755 Ptolemaei
1324 2701 1457 2769 Cerauni,

301 2784 445 2840 postremo
464 2773 619 2828 Ptolemaei
634 2772 810 2843 Philadelphi
824 2773 951 2842 coniuge,
965 2791 1037 2844 quae
1054 2783 1084 2827 ut
1098 2772 1208 2827 Seleuci
1221 2772 1324 2826 milites
1338 2771 1457 2840 fugeret,

302 2844 410 2912 Ephesi
432 2843 553 2912 moenia,
573 2860 629 2913 quo
648 2844 820 2913 confugerat,
840 2845 1025 2912 destruentes,
1046 2843 1179 2897 ancillam
1194 2843 1286 2912 regali
1311 2853 1390 2896 ueste
1413 2843 1457 2895 in-

302 2914 401 2967 dutam
426 2915 542 2968 lecticae
562 2913 671 2982 indidit,
693 2915 884 2985 satellitesque
909 2914 1111 2981 circumdedit3
1133 2931 1188 2984 quo
1213 2912 1332 2968 artificio
1352 2913 1457 2968 ancilla

303 3000 439 3052 oppressa
452 2996 504 3053 est,
516 2984 636 3039 Arsinoe
649 2985 753 3071 effugit.
781 2985 902 3056 Ἀρσινόη
917 2986 1070 3055 Λυσιμάχου
1081 2989 1128 3038 τοῦ
1141 2985 1232 3053 ἄνδρας
1244 2982 1457 3051 τελευτησαντος,

300 3055 415 3123 μεγάλης
433 3057 547 3124 ταραχῆς
567 3059 647 3123 οὔσης
667 3056 696 3108 έν
721 3058 829 3127 Εφέσῳ,
842 3058 883 3109 καὶ
899 3062 950 3110 τῶν
968 3057 1166 3122 σελευκιζόντων
1183 3056 1215 3107 τὰ
1232 3056 1305 3125 τείχη
1323 3056 1458 3116 καταβαλ·

301 3126 401 3177 λόντιυν
422 3126 464 3177 καὶ
482 3126 528 3179 τὰς
548 3124 631 3180 πύλας
650 3125 812 3196 όνοιγόντων,
829 3127 865 3182 εἷς
882 3129 928 3193 μέν
946 3129 976 3180 τό
994 3129 1103 3196 φορεῖον
1119 3127 1150 3180 τό
1168 3127 1306 3190 βασιλικόν
1323 3124 1457 3179 κατέκλινε

301 3194 456 3262 θεράπαιναν
464 3195 562 3262 στολὴν
570 3196 706 3265 περιθεῖσα
715 3198 863 3266 βασιλικὴν,
873 3199 913 3251 καὶ
922 3195 1077 3267 περιέστησε
1090 3198 1205 3252 πολλούς
1214 3201 1264 3249 τῶν
1273 3197 1455 3250 ὑπασπιστῶν.

302 3264 364 3331 ιιύτὴ
386 3264 414 3317 δέ
434 3265 624 3334 περιβαλομένη
644 3265 718 3336 ῥάκια
739 3270 780 3321 καὶ
799 3271 964 3338 προσωπεῖον
984 3266 1171 3337 ε’ρῤυπωμένον,
1194 3266 1247 3321 καθ’
1267 3267 1355 3334 ἑτέραν
1375 3265 1457 3336 θύραν

302 3335 397 3402 ἐξῆλθε
419 3337 491 3403 μόνη,
520 3338 561 3389 καὶ
585 3337 721 3405 δραμοῦσα
744 3340 786 3394 ε’πὶ
811 3341 857 3394 τὰς
881 3343 939 3394 ναῦς
957 3338 1115 3393 ἀπέπλευσε.
1151 3339 1319 3405 Μενεκράτης,
1343 3333 1380 3390 εἷς
1404 3343 1456 3390 τῶν

302 3404 440 3475 ἡγεμόνων,
453 3406 489 3476 τῷ
500 3407 599 3477 φορείῳ
611 3410 771 3474 προσπεσὼν
783 3410 949 3476 κατεκέντησε
961 3410 1007 3476 τὴν
1018 3410 1179 3475 θεράπαιναν,
1193 3409 1306 3476 οἰόμενος
1317 3406 1456 3477 Ἀρσινόην

301 3475 428 3544 φονεύειν.
465 3493 537 3531 oum
555 3480 653 3533 fratre
671 3483 786 3534 mariti.
824 3480 1018 3550 Philadelpho,
1037 3481 1121 3534 fratre
1145 3479 1299 3535 Ptolemaei
1323 3479 1455 3534 Cerauni.

304 3548 381 3599 Nam
403 3547 513 3618 utrique
534 3560 615 3618 pater
637 3551 816 3614 Ptolemaeus
842 3552 933 3619 Soter,
958 3551 1010 3606 sed
1034 3550 1099 3604 huic
1125 3568 1159 3605 ex
1184 3549 1335 3618 Eurydica,
1358 3548 1396 3602 illi
1420 3567 1455 3603 ex

303 3617 448 3672 Berenica.
487 3621 524 3673 At
549 3619 637 3689 ipsius
658 3621 797 3676 Arsinoae
818 3623 904 3676 frater
928 3622 978 3676 fuit
1002 3621 1212 3703 Philadelphus.
1256 3620 1371 3685 Audio;
1402 3620 1455 3673 sed

302 3687 373 3741 nihil
385 3690 440 3742 hoc
452 3690 490 3742 ad
502 3707 570 3745 rem.
609 3693 685 3744 Nam
699 3691 727 3745 in
740 3710 775 3746 eo
787 3692 928 3760 flagitiosa
940 3694 1060 3746 habetur
1073 3696 1201 3759 Arsinoe,
1215 3708 1272 3744 non
1286 3692 1362 3761 quod
1375 3690 1453 3745 fratri

303 3759 398 3829 nupsit
422 3761 500 3828 (nam
522 3760 608 3815 etiam
631 3764 776 3817 Ceraunus
796 3764 882 3818 frater
901 3763 964 3831 fuit)
983 3763 1035 3817 sed
1054 3763 1130 3832 quod
1151 3773 1303 3832 postquam
1323 3763 1454 3815 Cerauno

302 3841 444 3899 nupserat,
464 3849 529 3885 cum
547 3831 629 3885 huius
654 3833 780 3886 nondum
802 3834 903 3888 mortui
925 3834 1010 3888 fratre
1033 3833 1219 3902 Philadelpho
1239 3832 1339 3887 iterum
1357 3831 1454 3885 matri-

302 3901 429 3954 monium
448 3903 521 3956 fecit.
612 3907 682 3958 352.
701 3908 810 3958 Locris
828 3904 948 3958 Arsinoe
968 3904 1044 3959 dicta
1066 3913 1109 3958 est
1131 3903 1217 3958 etiarn
1239 3921 1256 3956 a
1278 3902 1453 3956 Callimacho

302 3971 332 4024 in
347 3974 436 4026 Coma
449 3972 607 4027 Berenices.
639 3974 712 4028 Vide
725 3992 770 4029 me
784 3976 821 4028 ad
834 3977 895 4029 Cat.
909 3974 972 4029 lxvi.
989 3988 1028 4043 54.
1060 3979 1241 4029 inenoillae
1253 3977 1454 4028 dissimulata

301 4059 385 4109 neue,
409 4042 505 4096 ‘when
527 4045 577 4097 she
602 4044 659 4099 had
683 4045 755 4099 been
777 4045 922 4114 disguised
944 4046 972 4098 in
994 4049 1042 4099 the
1063 4063 1166 4115 person
1188 4046 1221 4098 of
1237 4062 1254 4099 a
1272 4044 1454 4112 slaughtered

302 4113 523 4181 maid-servant,’
544 4114 570 4167 h.
582 4131 605 4168 e.
628 4126 779 4186 postquam
799 4134 849 4185 per
870 4116 1002 4170 ancillam
1024 4127 1176 4185 personata
1195 4117 1286 4170 fuerat
1306 4126 1453 4184 tamquam

301 4194 377 4237 esset
390 4184 518 4252 Arsinoe,
532 4195 559 4238 et
573 4185 613 4238 sic
627 4187 679 4239 sub
692 4187 758 4240 ficta
776 4187 871 4256 specie
884 4198 1001 4241 necatae
1015 4187 1163 4240 incolumis
1176 4195 1313 4240 euaserat.
1346 4185 1453 4239 Similis

301 4271 368 4306 usus
382 4271 426 4322 ap.
440 4256 500 4309 Val.
516 4257 557 4309 Fl.
571 4255 605 4310 vi.
623 4269 671 4324 533
688 4259 773 4326 inque
784 4259 831 4311 dei
841 4259 929 4312 latuit
940 4264 1046 4311 terrore
1057 4259 1166 4326 Lycaei.
1203 4259 1241 4310 Et
1254 4260 1454 4310 dissimulate

301 4333 377 4376 recte
399 4324 520 4379 dicitur:
549 4326 651 4381 ancilla
673 4327 748 4381 enim
770 4328 897 4397 reginam
920 4339 947 4382 et
969 4328 1112 4382 simulauit
1136 4329 1164 4380 h.
1186 4345 1211 4382 e.
1236 4326 1399 4397 personauit
1425 4337 1453 4380 et

301 4392 489 4448 dissimulauit
508 4397 535 4450 h.
546 4414 569 4450 e.
589 4398 699 4452 celauit.
749 4398 913 4453 Menenium
931 4398 959 4452 in
978 4399 1052 4452 bello
1072 4397 1147 4452 ciuili
1165 4415 1263 4452 seruus
1281 4398 1381 4451 induta
1392 4397 1453 4451 erili

300 4473 380 4544 ueste
406 4475 433 4544 et
458 4465 587 4520 lecticam
609 4485 660 4536 pro
682 4486 716 4522 eo
740 4469 910 4524 inscendens
935 4469 976 4522 sic
998 4469 1122 4524 seruauit
1143 4472 1215 4538 App.
1239 4471 1272 4522 B.
1296 4470 1326 4522 C.
1350 4468 1385 4522 iv.
1407 4482 1452 4533 44.

300 4535 395 4590 Alram
408 4546 520 4605 interpr.
536 4537 563 4590 in
578 4540 705 4593 Excursu
718 4540 822 4594 addidi.
895 4544 963 4595 353.
982 4543 1075 4595 fideli.
1108 4542 1160 4610 Ag.
1174 4540 1227 4594 606
1239 4541 1345 4610 γυναῖκα
1356 4539 1454 4606 πιστὴν
