3294 5214
509 511 517 517 ·
623 482 951 546 PROLEGOMENA.
1323 483 1362 544 liii

208 644 288 704 nulla
315 652 358 703 est
384 643 506 702 mentio.
549 641 686 702 Conicias
717 641 795 699 idern
824 641 905 717 quod
932 641 963 698 in
979 638 1064 699 Nuce
1091 640 1201 700 lactum
1229 657 1302 712 esse,
1330 651 1363 702 ut

208 727 352 785 omissum
379 743 498 784 carmen
522 734 671 800 tamquam
693 722 785 782 leuius
809 722 900 794 luerit,
924 739 995 780 mox
1020 722 1174 798 separatim
1204 723 1360 799 scripturn:

209 817 286 866 certe
299 808 329 865 in
344 806 545 883 antiquissimo
561 804 662 865 codice
677 803 810 864 Galeano
826 821 902 862 saec.
917 803 956 861 xii
971 803 1013 862 sic
1028 803 1151 862 seorsim
1164 803 1278 880 legitur.
1313 803 1360 866 Cf.

209 906 285 964 quae
300 888 337 948 de
352 887 437 948 Nuce
452 887 565 964 scripsit
579 884 756 945 Behrensius
771 885 853 944 Poet.
868 884 933 944 Lat.
948 883 1022 943 Min.
1037 885 1055 944 i.
1069 903 1098 961 p.
1116 886 1163 944 88.

729 1157 842 1231 VIII.

597 1308 649 1371 De
671 1308 838 1374 Codicibus
854 1303 969 1374 ilidii.

250 1453 377 1515 Codices
388 1452 479 1512 Ibidis
494 1455 544 1529 qui
559 1454 678 1530 quidem
692 1455 763 1512 mihi
777 1455 954 1515 innotuerint
964 1455 1002 1515 ad
1013 1473 1104 1515 unum
1119 1473 1223 1515 omnes
1237 1455 1360 1518 redeunt

208 1535 395 1612 archetypon.
438 1534 551 1594 Omnes
572 1536 651 1593 enim
670 1535 810 1595 exhibent
827 1547 963 1613 corrupta
981 1538 1056 1598 haec
1075 1539 1133 1612 256
1148 1538 1250 1596 therme
1266 1545 1360 1615 potuer

208 1637 263 1696 pro
277 1619 392 1676 thermis
405 1626 485 1692 mem,
502 1619 539 1689 84
555 1618 638 1675 chori
652 1636 706 1694 pro
725 1618 800 1687 choo,
819 1637 876 1693 109
890 1620 987 1677 clarus
1001 1636 1056 1695 pro
1071 1620 1188 1690 coluilus,
1206 1623 1262 1694 ¹78
1277 1621 1363 1696 egesti

208 1718 262 1777 pro
277 1701 369 1776 egebis}
385 1717 441 1773 321
455 1698 547 1757 alebas
561 1716 615 1775 pro
629 1700 733 1769 aleuas,
750 1713 808 1774 335
816 1709 906 1775 passu
919 1707 965 1772 est,
982 1714 1039 1777 359
1054 1699 1084 1758 T
1078 1701 1168 1770 ln'esli,
1181 1713 1241 1774 -527
1257 1699 1359 1772 Oresti,

209 1796 267 1855 502
286 1780 428 1856 pophogee
447 1780 494 1839 uel
509 1790 630 1856 peragee,
653 1794 711 1855 513
734 1780 830 1839 ebenus
851 1799 904 1857 pro
924 1801 1033 1852 eueuus,
1056 1798 1114 1856 549
1137 1780 1283 1840 Siraeuse'o
1304 1800 1358 1859 pro

208 1862 359 1932 Siracorro,
376 1863 435 1919 600
453 1860 579 1936 Orpheos
600 1861 647 1920 uel
670 1861 780 1937 Orphei
800 1881 854 1938 pro
871 1861 1002 1938 Orpheos.
1044 1863 1197 1922 Praeterea
1217 1873 1283 1940 post
1301 1872 1359 1938 130

208 1945 267 2003 duo
288 1960 390 2002 uersus
411 1943 441 2000 in
462 1943 599 2001 omnibus
619 1943 784 2019 interpolati
805 1955 873 2002 sunt
889 1944 987 2004 inn'ei
1006 1946 1057 2004 illo
1077 1946 1134 2003 de'er
1154 1945 1266 2020 quaele
1287 1945 1362 2003 milri

207 2025 355 2084 subtrahet
368 2025 433 2082 olim
448 2023 547 2082 Feiu'et
561 2025 613 2083 illo
633 2025 690 2082 dz‘es
708 2043 777 2100 quoe
797 2027 869 2084 milri
884 2029 968 2085 turdo
982 2030 1067 2104 ¹uenit.
1111 2024 1283 2086 insederant
1296 2043 1358 2085 car·

207 2107 279 2165 mini
299 2106 372 2166 haec
393 2107 462 2165 uitia
484 2116 552 2164 ante
574 2106 663 2164 finem
686 2125 761 2166 saec.
776 2109 824 2178 xii,
847 2125 907 2184 quo
929 2119 1061 2184 tempore
1083 2107 1232 2167 Galeanus
1252 2105 1307 2186 (G)
1329 2119 1359 2167 et

208 2189 392 2247 Turonensis
407 2185 461 2266 (T)
475 2187 612 2263 descripti
633 2197 708 2246 sunt.
752 2187 811 2248 Sed
831 2207 893 2248 non
914 2191 952 2249 ab
973 2190 1030 2249 hoc
1051 2189 1209 2266 archetypo
1231 2188 1360 2250 deriuata

208 2279 277 2329 sunt
298 2278 436 2345 excerpta
460 2268 551 2328 Ibidis
574 2286 649 2345 quae
673 2269 704 2327 in
726 2268 973 2330 Deflorationibus
994 2271 1113 2330 Gallicis
1135 2279 1165 2328 et
1186 2270 1360 2330 Britannicis

207 2350 315 2410 inueni.
358 2349 437 2409 Nam
455 2349 510 2409 hae
529 2349 638 2409 habent
656 2368 712 2426 109
727 2353 834 2410 coleilus
851 2370 912 2410 non
925 2353 1031 2423 clarus,
1048 2370 1085 2426 43
1101 2361 1204 2427 suuper
1217 2352 1281 2408 dum
1297 2353 1359 2410 uilo

207 2451 269 2492 non
290 2433 371 2491 donec
392 2432 465 2490 melei
482 2433 551 2501 uolo,
574 2432 680 2508 euuiger
700 2450 762 2491 non
783 2434 887 2508 supellec
908 2433 1117 2504 Atrebatensis,
1139 2432 1217 2491 unde
1238 2443 1359 2508 apparet

208 2513 336 2573 extitisse
349 2512 428 2572 ,aliud
442 2512 530 2590 idque
543 2513 641 2571 minus
660 2513 791 2572 uitiatum
809 2514 965 2591 exemplar.
1008 2514 1126 2572 Etenim
1140 2516 1236 2573 clorus
1252 2514 1283 2571 in
1300 2531 1357 2590 109

207 2613 270 2654 non
290 2603 388 2672 potest
408 2611 511 2653 uerum
532 2611 604 2666 esse,
622 2605 762 2670 sequente
781 2597 860 2654 clare
877 2597 908 2653 in
926 2613 1000 2654 110:
1025 2612 1121 2671 neque
1142 2606 1214 2654 uero
1235 2598 1271 2654 ex
1292 2606 1358 2654 cot-

207 2685 319 2735 rectore
339 2675 503 2753 proiectum
525 2685 577 2745 est,
595 2694 662 2734 curn
683 2693 745 2735 non
766 2676 857 2736 modo
878 2677 909 2734 in
928 2675 1144 2736 Defloratlones
1165 2683 1269 2734 omnes
1292 2687 1359 2753 pet-

207 2758 327 2829 uenerit,
350 2756 403 2816 sed
423 2757 511 2816 etiarn
531 2757 562 2814 in
579 2757 725 2816 Vincentii
746 2757 962 2818 Bellouaceusis
982 2757 1109 2835 Speculo
1130 2757 1251 2834 legatur.
1297 2757 1359 2817 Sed

209 2839 315 2898 infelici
336 2856 406 2898 casu
426 2838 535 2897 facturn
557 2848 601 2898 est
621 2848 653 2897 ut
674 2838 704 2896 in
724 2837 926 2899 Deiloratione
947 2840 1076 2899 Parisino
1094 2853 1213 2914 15,r.55‚
1227 2857 1302 2899 saec.
1318 2839 1359 2898 xii

208 2921 255 2980 uel
276 2920 334 2992 xiii,
354 2930 491 2997 excerpta'
510 2937 585 2996 quae
605 2919 677 2978 olim
697 2921 812 2980 inerant
833 2921 923 2980 Ibidis
943 2921 987 3000 (ut
1007 2940 1043 2980 ex
1066 2923 1240 2998 scriptorum
1261 2921 1359 2981 indice

208 3002 368 3079 praemisso
379 3000 535 3080 colligitur)
546 3018 607 3060 non
621 3003 679 3059 iam
695 3003 856 3078 supersint;
872 3021 1051 3082 quamquam
1066 3021 1127 3062 non
1142 3001 1243 3061 dubito
1254 3003 1358 3062 eadem

208 3083 269 3143 fere
282 3100 357 3160 quae
372 3083 402 3140 in
417 3083 519 3143 ceteris
533 3081 631 3142 fuisse.
1015 3099 1017 3103 ’

250 3165 308 3225 Sed
330 3174 360 3224 et
383 3165 455 3224 alius
479 3164 546 3223 fons
570 3173 659 3223 restat
683 3165 732 3242 qui
757 3184 774 3222 a
795 3166 903 3225 nostris
926 3165 1076 3226 codicibus
1097 3165 1193 3242 aliqua
1217 3175 1359 3243 exparte

209 3247 374 3324 discrepare
401 3246 541 3305 uideatur.
590 3244 678 3304 Extat
705 3246 736 3303 in
764 3247 940 3307 bibliotheca
967 3247 1127 3307 Bodleiano
1160 3247 1231 3306 liber
1258 3248 1358 3318 rarior,

207 3327 404 3403 Repertorsum
421 3327 616 3386 thuribulorum
626 3326 853 3402 Exqurhilorum,
863 3328 985 3388 ‘editum
1001 3347 1018 3386 a
1033 3328 1202 3388 doctissimo
1211 3328 1359 3389 literarum

208 3419 337 3468 amatore
362 3409 504 3485 Magistro
528 3407 667 3468 Conrado
689 3410 840 3469 turicensis
864 3410 987 3470 ecclesie
1012 3419 1132 3470 cantore
1154 3418 1183 3469 et
1204 3411 1358 3486 conpletus

208 3509 287 3550 anno
301 3490 413 3550 domini
423 3501 461 3549 u⁰
470 3501 620 3550 ccuxxr110.
651 3490 687 3548 In
701 3491 800 3567 uigilia
813 3492 1021 3568 assumptionis
1035 3493 1120 3550 beate
1134 3491 1224 3550 marie
1237 3492 1358 3569 uirginis

209 3572 374 3632 Indictione
392 3572 502 3648 pslma’
544 3572 580 3630 In
598 3571 656 3631 hoc
675 3572 749 3630 libro
768 3573 932 3632 continetur
949 3573 1074 3651 plurima
1091 3590 1158 3649 pars
1174 3573 1359 3632 historiarum

209 3653 307 3726 Ibidis,
321 3653 441 3713 adiectis
460 3653 703 3731 explicationibus
722 3655 797 3714 ueris
816 3655 916 3726 modo,
930 3655 1023 3714 modo
1042 3654 1128 3725 falsis
1143 3663 1176 3712 ut
1194 3672 1231 3712 ex
1251 3653 1358 3714 scholi-

208 3753 293 3794 omm
312 3745 414 3794 nostra
434 3735 561 3794 editione
582 3734 714 3795 elucebit.
757 3735 849 3795 Hunc
869 3736 1038 3796 Conradum
1059 3735 1095 3794 de
1114 3735 1201 3794 Mure
1219 3735 1358 3811 perbonis

209 3816 360 3876 codicibus
378 3833 464 3875 usum
482 3834 545 3876 esse
560 3817 602 3875 sic
616 3815 755 3892 intelligo.
799 3816 884 3876 Solus
899 3816 986 3876 habet
999 3817 1103 3875 redemi
1113 3834 1168 3892 pro
1182 3816 1287 3874 redimi
1298 3817 1354 3874 281

209 3899 297 3974 idque
320 3898 375 3970 bis,
398 3915 457 3974 quo
482 3897 572 3956 modo
597 3898 634 3956 ab
658 3898 783 3975 antiquis
803 3898 980 3957 uocabulum
1001 3899 1141 3974 scriptum
1161 3896 1250 3956 fulsse
1271 3897 1359 3957 docet

209 3979 319 4038 Munro
334 3979 371 4038 ud
386 3979 529 4038 Lucreti.
543 3980 609 4050 216,
625 3985 702 4055 tergo
716 3980 850 4056 propelle
861 3999 928 4055 319,
943 3979 1075 4038 escheineo
1087 3997 1155 4054 330,
1169 3979 1359 4054 callirieesque

210 4064 278 4135 348,
293 4059 403 4136 signetis
419 4064 486 4135 463,
506 4061 728 4137 Venulorsru'giu
743 4063 812 4134 508,
826 4079 925 4120 euenus
939 4075 1007 4136 513,
1023 4062 1190 4136 ustocldeque
1205 4072 1273 4134 515,
1288 4066 1360 4120 stulo'

209 4161 264 4220 pro
278 4149 375 4201 trunco
388 4143 436 4212 ib,
451 4141 645 4218 Sollicitusque
660 4159 715 4218 pro
730 4141 904 4219 Sollicitoque
919 4157 986 4218 559,
1001 4143 1148 4218 telegonzus
1162 4151 1191 4200 et
1208 4143 1358 4219 leleogonus

208 4242 263 4300 pro
283 4225 336 4282 teli
348 4243 438 4300 genus
452 4226 521 4300 567,
540 4223 675 4298 Quemque
686 4243 793 4282 memor
813 4227 905 4282 sueres
926 4242 980 4301 pro
1001 4223 1085 4294 Quem
1107 4241 1208 4282 memor
1227 4241 1247 4280 a
1266 4225 1358 4282 sacris

210 4309 279 4378 622,
298 4313 425 4380 ¹certoque
444 4305 473 4363 h.
488 4325 515 4366 e:
535 4313 660 4381 cretaque
682 4318 738 4379 572
749 4325 758 4378 ;
787 4307 866 4364 solus
886 4315 999 4382 praeter
1015 4306 1044 4364 T
1062 4308 1151 4364 ur'elus
1171 4323 1224 4382 pro
1245 4307 1359 4380 quintus

213 4407 279 4462 ²93·
325 4386 410 4446 Solus
428 4396 578 4464 tamquam
597 4387 677 4445 aliter
695 4387 801 4446 lectum
820 4397 963 4446 memorat
981 4389 1011 4446 in
1027 4391 1085 4460 488
1104 4389 1210 4462 &mou
1252 4387 1359 4464 Sedet

210 4469 239 4526 ln
256 4467 379 4528 Scholiis
393 4486 453 4526 non
469 4470 573 4528 desunt
587 4487 662 4545 quae
678 4469 762 4527 altius
775 4468 927 4527 uideantur
942 4469 1062 4546 repetita
1076 4469 1155 4546 apud
1167 4465 1356 4540 Conradumj

210 4551 278 4610 uide
292 4568 368 4627 quae
382 4550 527 4638 disputaui
541 4551 570 4609 in
582 4550 682 4610 Diario
694 4549 795 4610 Philol.
808 4549 972 4628 Cantabrig.
983 4553 1027 4611 vii.
1041 4565 1190 4625 244-255,
1201 4569 1237 4608 ex
1252 4551 1357 4630 quibus
