3296 5210
592 449 939 514 COMMENTARIVS.
1279 456 1337 514 15⁵

180 619 225 666 est
239 606 353 679 (Timol.
363 609 465 679 xxxiv).
495 608 613 680 Scripsit
626 609 760 679 carmina,
771 627 805 665 ex
815 609 917 679 quibus
930 605 1105 678 epigramma
1118 617 1193 663 extat
1206 624 1250 678 ap.
1263 609 1336 665 Plut.

181 682 285 736 Timol.
298 681 380 750 xxxii,
395 681 489 750 Bergk
503 683 532 736 P.
548 683 577 735 L.
592 698 619 751 p.
629 682 690 750 638,
704 682 738 736 cf.
753 683 840 735 Grote
856 679 929 734 Hist.
944 680 977 733 ol
986 681 1094 734 Greece
1106 678 1133 732 xi
1146 697 1193 761 pp.
1204 692 1264 749 259,
1275 681 1335 736 260.

179 757 330 807 membra.
358 755 520 806 Mamercus
533 752 612 821 ἥνπερ
622 753 646 804 ot
658 753 753 818 ληοτοὶ
764 752 835 820 δίκην
843 751 920 804 ἔδωκε
932 750 1014 819 (Plut.
1026 749 1099 804 Tim.
1109 749 1211 818 xxxrv).
1237 750 1337 820 Qualis

181 841 217 878 ea
235 840 312 877 mors
330 823 412 878 fuerit
429 824 513 878 docet
529 823 615 878 Anth.
630 825 660 877 P.
673 821 708 876 xi.
723 823 783 877 280.
800 836 821 890 ι,
834 836 850 889 3
865 820 913 875 ubi
933 822 1084 890 Hegemon
1101 819 1217 891 quidam
1230 821 1337 891 piratas

181 893 333 949 concidere
353 893 537 963 (κατατέμνειν)
557 892 666 947 dicitur.
705 892 781 948 Suid.
802 910 823 946 s.
837 910 864 947 u.
883 891 998 946 Κιλίκιος
1016 890 1125 958 ὄλεθρος
1144 891 1211 946 dicit
1229 891 1337 961 piratas

181 965 224 1019 ἐπ’
247 966 358 1032 ὠμότητι
381 965 572 1030 διαβεβλῆσθαι
593 964 669 1018 unde
689 981 746 1017 non
767 962 869 1018 mirum
890 961 914 1016 si
934 960 988 1032 ipsi
1010 961 1170 1016 crudelibus
1192 963 1337 1044 suppliciis

182 1034 385 1090 afficiebantur.
476 1038 544 1089 549.
566 1038 736 1100 Syracosio.
771 1033 947 1088 Scholiastae
967 1032 1149 1086 Theocritum
1170 1031 1337 1102 intelligunt,

182 1105 231 1176 qui
244 1106 274 1160 in
287 1103 491 1175 epigrammate
503 1106 590 1160 Anth.
605 1107 635 1160 P.
649 1105 684 1160 ix.
697 1119 758 1172 434.
772 1120 787 1158 2
801 1105 837 1159 de
856 1121 887 1159 se
903 1105 1022 1173 loquens
1040 1100 1085 1158 Εἷς
1097 1103 1147 1156 ἀπὸ
1159 1109 1209 1157 τῶν
1221 1106 1337 1171 πολλῶν,

183 1176 232 1244 ait,
253 1177 304 1243 εἰμὶ
326 1174 496 1246 Συρηκοσίων,
516 1186 544 1231 et
566 1175 607 1230 sic
629 1175 769 1244 Vergilius
787 1176 848 1229 Ecl.
861 1173 924 1230 vi..1
940 1174 1087 1245 Syracosia
1100 1190 1184 1227 uersu
1197 1191 1228 1229 se
1240 1174 1337 1230 ludere

182 1249 218 1302 id
231 1253 274 1301 est
290 1248 404 1301 imitari
424 1245 601 1301 Theocritum
619 1247 831 1317 Syracusanum
851 1245 942 1314 (Seru.
956 1245 993 1299 ad
1010 1243 1074 1312 loc)
1088 1245 1240 1314 profitetur.
1281 1245 1338 1300 Sed

182 1319 259 1372 hunc
276 1319 378 1388 laqueo
396 1317 514 1388 periisse
535 1317 613 1387 apud
633 1317 777 1371 neminem
797 1325 916 1384 constat,
939 1332 1112 1385 quamquam
1136 1332 1193 1370 non
1216 1315 1338 1371 absurde

182 1389 311 1442 Alciatus
324 1391 435 1456 Parerg.
449 1388 484 1442 ix.
499 1403 532 1456 23
546 1387 666 1442 coniecit
685 1387 813 1442 allusisse
833 1385 968 1441 Ouidium
986 1386 1024 1440 ad
1042 1402 1107 1440 eum
1120 1395 1277 1440 amatorem
1290 1387 1338 1456 qui

183 1476 229 1528 ap.
240 1459 478 1514 Theocritum'ld.
489 1455 555 1512 xxiii
568 1476 599 1513 se
612 1457 705 1528 ipsum
718 1475 814 1512 amore
826 1457 928 1511 dilecti
934 1455 1013 1526 pueri
1026 1456 1204 1526 suspenderit
1215 1456 1338 1526 (49-52):

183 1529 270 1600 idque
292 1547 327 1584 eo
348 1529 407 1584 ueri
430 1529 549 1583 similius
571 1529 601 1583 fit
621 1529 698 1599 quod
718 1530 773 1583 hoc
795 1545 917 1596 carmen,
937 1536 967 1582 ut
986 1526 1059 1581 inter
1079 1527 1222 1581 Theocriti
1241 1527 1339 1595 idyllia

183 1601 279 1654 locum
290 1601 385 1668 habet,
399 1600 439 1654 ita
451 1618 468 1654 a
481 1600 633 1655 Theocrito
650 1600 728 1653 nullo
744 1599 831 1653 modo
844 1597 928 1652 scribi
941 1597 1040 1667 potuit,
1053 1595 1118 1651 uide
1133 1598 1339 1652 Wordsworth-

184 1670 243 1726 ium
261 1687 289 1740 p.
305 1684 371 1739 173:
391 1688 459 1724 nam
477 1671 538 1725 siue
559 1672 596 1725 ab
615 1669 738 1740 antiquis
756 1687 822 1724 cum
840 1667 1016 1723 Theocriteis
1034 1667 1188 1737 legebatur,
1209 1668 1278 1722 satis
1300 1669 1338 1722 ad

184 1742 239 1795 hoc
266 1759 369 1796 causae
394 1741 446 1796 fuit
472 1742 549 1812 quod
579 1739 722 1795 Theocriti
744 1751 865 1795 mortem
885 1739 1052 1794 credebatur
1073 1755 1208 1805 narrare;
1234 1739 1294 1793 siue
1320 1757 1338 1793 a

183 1811 340 1867 recentiore
361 1812 456 1882 aliquo
478 1811 621 1866 Theocriti
641 1811 745 1881 idylliis
764 1811 980 1865 adnumeratum
1001 1819 1053 1877 est,
1076 1808 1142 1863 fecit
1164 1809 1193 1863 id
1213 1809 1280 1879 quia
1300 1810 1339 1864 ad

184 1893 287 1952 poetae
299 1883 388 1938 latum
407 1883 547 1953 pertinere
565 1899 679 1937 carmen
699 1879 853 1952 antiquitus
872 1881 1006 1936 traditum
1024 1879 1143 1934 uiderat.
1181 1882 1264 1935 Certe
1281 1897 1338 1934 non

184 1963 279 2024 potest
300 1953 452 2023 significari
471 1953 626 2023 Antiphon,
647 1962 677 2008 ut
701 1963 765 2023 post
785 1951 980 2007 Bonannum*
1001 1952 1132 2020 Syracus.
1150 1950 1246 2020 Antiq.
1266 1950 1292 2005 ii.
1314 1966 1339 2021 2,

184 2025 337 2078 Welckero
351 2024 474 2094 (Griech.
490 2024 612 2093 Tragud.
625 2023 663 2078 iii.
681 2041 708 2093 p.
725 2023 801 2092 1041)
815 2023 929 2093 placuit.
966 2021 1023 2076 Hi'c
1036 2021 1112 2076 enim
1125 2020 1177 2076 etsi
1192 2022 1339 2090 Syracusis

184 2095 254 2149 uixit
273 2112 338 2149 cum
357 2093 498 2164 Dionysio
515 2105 636 2164 tyranno
654 2092 771 2164 eiusque
789 2093 950 2163 tragoedias
972 2093 1136 2161 refingebat,
1161 2102 1246 2162 atque
1265 2093 1338 2147 adeo

184 2176 307 2220 mortem
321 2165 374 2219 sibi
388 2165 532 2235 peperisse
545 2165 691 2220 dicebatur
704 2165 780 2235 quod
793 2181 841 2219 eas
855 2164 983 2219 acerbius
996 2163 1222 2232 reprehenderet,
1235 2164 1338 2233 laqueo

185 2251 243 2291 non
263 2246 306 2291 est
324 2236 518 2307 interemptus,
538 2236 590 2290 sed
608 2246 656 2290 aut
674 2235 822 2291 tormentis
840 2235 925 2304 (Plut.
938 2235 974 2289 de
993 2232 1078 2289 Stoic.
1092 2235 1221 2303 Repugn.
1234 2234 1338 2302 xxxvii)

186 2317 234 2362 aut
256 2307 330 2362 fuste
351 2307 467 2375 (μελλων
487 2307 738 2376 ἀποτυμπανίζεοθαι
759 2307 846 2360 Arist.
865 2307 946 2360 Rhet.
967 2304 995 2360 ii.
1008 2302 1045 2364 6).
1084 2306 1185 2374 Neque
1206 2321 1274 2358 uero
1295 2314 1339 2360 est

186 2378 386 2448 Empedocles,
406 2377 535 2448 quamuis
557 2395 623 2432 eum
645 2377 808 2432 Demetrius
827 2374 996 2430 Troezenius
1015 2391 1060 2444 ap.
1080 2373 1165 2443 Diog.
1185 2374 1215 2428 L.
1235 2374 1291 2430 viii.
1306 2388 1340 2442 74

185 2459 280 2504 narret
299 2447 448 2518 Ἀψιίμενον
467 2450 567 2518 βρόχον
586 2448 662 2501 αίπῦν
682 2445 729 2516 ἀφ’
751 2448 867 2530 ὑψηλοῖο
889 2447 1003 2514 κρανείης
1024 2444 1115 2514 Αῦχέν’
1138 2445 1338 2514 ἀποκρεμάσαιε

185 2536 253 2573 nam
272 2519 463 2589 Empedocles
482 2519 584 2573 dicitur
600 2536 646 2574 uu.
664 2531 722 2588 597,
739 2520 755 2572 8
773 2536 802 2572 1n
820 2520 943 2572 Aetnam
961 2515 1111 2570 insiluisse.
1145 2516 1192 2568 An
1211 2525 1255 2572 est
1275 2515 1339 2569 Phi·

185 2592 325 2644 loxenus?
361 2589 437 2645 Huic
458 2590 535 2644 enim
556 2589 616 2644 siue
638 2599 753 2661 propter
772 2588 974 2644 helluationem
996 2603 1052 2656 qua
1072 2587 1207 2655 polypum
1229 2586 1340 2655 δίπηχυν

185 2661 273 2716 fertur
289 2661 455 2730 degluttisse
471 2671 658 2731 precatusque
670 2671 701 2715 ut
717 2659 772 2715 tria
784 2659 857 2713 colla
874 2659 991 2713 haberet
1004 2657 1105 2728 quibus
1122 2655 1219 2710 omnia
1235 2656 1339 2712 et'sine

186 2733 243 2786 fine
267 2742 379 2787 uoraret
405 2730 518 2799 (Athen.
545 2747 605 2800 341,
629 2733 690 2786 Ael.
712 2733 747 2786 V.
771 2733 808 2784 H.
829 2749 855 2785 x.
877 2727 913 2798 9),
936 2728 996 2783 siue
1020 2728 1057 2782 ob
1079 2727 1229 2796 epistulam
1253 2744 1340 2796 quam

188 2802 329 2872 Dionysio
350 2812 502 2872 postquam
526 2812 656 2857 euaserat
681 2819 715 2857 ex
739 2800 862 2855 latomiis
888 2797 1081 2869 Syracusanis,
1104 2814 1160 2867 quo
1182 2815 1199 2852 a
1219 2807 1339 2866 tyranno

187 2874 339 2928 damnatus
361 2883 429 2942 erat,
449 2873 601 2942 rescripsit,
621 2871 691 2926 nihil
715 2872 908 2928 continentem
931 2879 1043 2940 praeter
1066 2885 1154 2923 unum
1178 2889 1208 2921 ου
1230 2868 1291 2923 siue
1314 2885 1339 2936 ιι,

187 2945 214 2998 h.
224 2962 248 2999 e.
271 2944 355 2998 simul
376 2943 530 3012 imaginem
555 2943 646 3012 restiS,
666 2943 749 2998 simul
776 2941 925 2997 recusandi
944 2941 1064 3010 signum,
1084 2938 1244 2994 huiusmodi
1263 2956 1340 2994 mors

186 3032 238 3084 per
255 3016 388 3084 laqueum
404 3014 505 3069 merito
523 3014 628 3083 adtingi
646 3013 745 3084 potuit.
783 3013 886 3068 Suidas
899 3011 1038 3081 Φιλοξένου
1050 3010 1219 3082 γραμμάτιον·
1236 3009 1278 3064 ἐπὶ
1290 3015 1342 3064 τῶν

187 3086 221 3155 μὴ
245 3087 402 3153 πειθομένων
425 3084 467 3155 ἐφ’
493 3082 531 3141 οίς
554 3087 770 3155 παρακαλοῦνται,
794 3081 855 3136 ἀλλ’
881 3083 1092 3155 ἀπαγορευόντων
1114 3082 1223 3150 μᾶλλον.
1264 3082 1341 3134 estt-
1384 3089 1387 3098 '

187 3159 261 3225 ξενος
288 3157 340 3226 γὰρ
369 3159 382 3208 ὁ
411 3155 537 3224 Κυθήριος
564 3155 699 3226 διαφυγὸν
728 3157 775 3220 τὰς
802 3154 839 3209 είς
868 3153 1032 3224 Συρακούσας
1059 3151 1217 3220 λιθοτομίας,
1245 3151 1282 3206 είς
1311 3151 1342 3208 ds

155 3289 159 3294 ,Ἴ
187 3227 317 3294 ἐνέπεσεν,
335 3226 375 3281 ὅτι
392 3228 438 3282 τὰς
456 3226 595 3281 Διονυσίου
614 3231 660 3280 τοῦ
681 3227 805 3296 τυράννου
823 3223 966 3297 τραγῳδίας
985 3224 1031 3277 οῦκ
1049 3222 1145 3292 ἐπῄνει,
1165 3222 1292 3292 διέτριβεν
1311 3222 1340 3276 έν

188 3298 299 3365 Τάραντι
317 3300 362 3366 τῆς
384 3297 504 3352 Ἰταλίας.
532 3298 760 3367 μεταπεμπομένου
781 3297 810 3350 δὲ
830 3297 970 3350 Διονυσίου
989 3295 1067 3348 αὐτὸν
1086 3295 1127 3347 καί
1146 3293 1280 3360 ἀξιοῦντος
1297 3293 1340 3346 διδ

187 3369 345 3441 γραμμάτων
357 3368 451 3431 ἐλθεῖν,
464 3369 602 3437 Φιλόξενος
614 3367 772 3437 ἀντιγράψαι
788 3369 835 3436 μὲν
851 3367 896 3421 οῦκ
914 3368 989 3454 ἔγνω,
1006 3367 1095 3426 λαβὼν
1108 3365 1135 3417 δὲ
1148 3363 1255 3427 βιβλίον
1266 3363 1296 3417 τὸ
1310 3367 1340 3414 δι’)

189 3441 322 3508 στοιχεῖον
338 3440 352 3492 ἔ
369 3441 440 3509 pade
459 3441 539 3508 μόνον
555 3439 683 3494 πολλάκις
700 3438 728 3491 ἐν
743 3437 811 3508 αὐτῷ
829 3437 872 3490 διὰ
889 3459 982 3491 τουτου
1001 3436 1122 3503 δηλώσας
1138 3433 1178 3487 ὅτι
1196 3434 1243 3501 τὴν
1259 3434 1340 3502 παρά·

189 3512 283 3577 κλησιν
296 3461 430 3564 διωθεῖται.
464 3510 505 3565 cf.
520 3506 655 3578 Scaligeri
668 3510 774 3562 Auson.
790 3509 865 3562 Lect.
875 3507 902 3562 ii.
913 3523 954 3561 20.
988 3507 1168 3577 Quamquam
1180 3503 1245 3558 huic
1258 3521 1340 3558 suam

188 3579 374 3635 uoracitatem
403 3579 520 3634 exitium
546 3579 652 3648 tulisse,
676 3579 757 3634 testis
782 3588 825 3633 est
849 3578 1013 3632 Athenaeus
1039 3591 1099 3645 341.
1152 3579 1341 3640 praestricta

189 3653 280 3706 fauce
299 3652 352 3721 ‘by
368 3650 590 3720 strangulation,'
609 3649 679 3704 Plin.
695 3651 732 3704 H.
748 3651 783 3703 N.
798 3647 866 3702 xvii:
876 3663 928 3716 234
945 3663 1111 3702 crassescens
1124 3645 1238 3715 (comen)
1256 3648 1341 3715 prae·

189 3724 355 3793 stringeret
373 3723 546 3792 strangulat.
677 3724 748 3774 550.
768 3723 893 3774 animae
917 3717 1073 3787 genitiuum
1095 3717 1189 3784 credo,
1209 3716 1244 3769 cf.
1265 3716 1343 3768 uacr‘s

190 3795 248 3848 iter
265 3805 324 3861 570.
408 3796 474 3846 551.
492 3795 590 3847 Nuda
607 3797 746 3858 pateant,
765 3790 818 3860 iq.
837 3789 979 3844 nudentur
997 3798 1025 3843 et
1044 3797 1167 3858 pateant.
1217 3789 1343 3850 direpta

190 3867 272 3928 pelle
283 3864 335 3933 ‘by
346 3862 486 3935 stripping
498 3880 578 3932 away
590 3864 639 3918 the
651 3863 732 3917 skin'
769 3864 811 3915 M.
820 3860 856 3916 vi.
867 3862 918 3930 387
928 3861 1075 3916 Clamanti
1083 3859 1157 3913 cutis
1168 3862 1209 3912 est
1219 3873 1343 3910 summas

225 4054 240 4087 *
257 4053 381 4099 Bonannus
396 4052 512 4115 (Syracus.
527 4052 606 4114 Antiq.
618 4051 642 4102 ii.
656 4048 682 4112 a)
698 4049 721 4098 in
737 4049 890 4112 disputatione
906 4065 976 4112 quam
991 4047 1078 4096 dehoc
1093 4047 1146 4095 loco
1161 4045 1231 4093 lbidis
1245 4044 1341 4104 scripsit,

192 4119 285 4182 negauit
297 4118 418 4182 significari
432 4133 498 4180 posse
512 4118 664 4166 Theocritum
681 4118 857 4178 Syracusanum,
871 4118 910 4177 qui
927 4124 996 4176 epoto
1010 4129 1101 4162 ueneno
1115 4112 1205 4173 periisse
1216 4112 1306 4158 dicatur
1317 4111 1342 4158 in

191 4185 274 4246 ldyllio
285 4185 347 4244 quod
359 4184 388 4230 de
401 4198 429 4231 eo
445 4185 485 4231 sub
498 4185 574 4231 Bionis
589 4184 683 4230 nomine
697 4183 808 4242 scripserit
823 4183 933 4228 Moschus
949 4181 991 4243 (iii.
1006 4179 1081 4241 111);
1096 4179 1203 4238 idemque
1218 4176 1342 4237 suspicatus

192 4259 227 4297 est
238 4249 269 4296 ad
280 4250 446 4312 Syracusanum
457 4250 540 4297 tralata
551 4249 619 4296 fuisse
631 4264 690 4310 quae
703 4249 730 4294 de
742 4248 803 4295 Chio
815 4247 888 4294 uerius
899 4255 1033 4299 narrentur:
1050 4245 1090 4292 sed
1102 4245 1125 4290 in
1137 4243 1200 4290 nullo
1211 4243 1263 4289 loco
1276 4256 1305 4288 ex
1315 4242 1343 4288 ils

192 4331 250 4376 quos
267 4317 296 4362 de
313 4315 441 4362 Theocrito
457 4313 517 4360 Chio
534 4315 607 4361 citant
624 4313 776 4361 Bernhardius
793 4314 821 4359 ad
836 4314 927 4359 Suidam
945 4328 962 4360 s.
970 4328 993 4361 u.
1012 4311 1122 4358 Miillerus
1139 4310 1162 4356 in
1178 4309 1269 4372 Fragm.
1281 4307 1343 4356 Hist.

192 4382 274 4429 Graec.
291 4381 314 4428 ii.
333 4395 372 4441 pp.
386 4377 426 4436 86,
439 4379 470 4442 87
488 4389 578 4428 constat
593 4380 655 4427 hunc
672 4380 846 4442 strangulatam
860 4379 936 4434 luisse,
955 4378 994 4424 sed
1011 4386 1102 4423 tantum
1121 4376 1150 4422 ab
1169 4375 1287 4438 Antigono
1303 4387 1342 4419 ne-

192 4456 286 4502 catum;
303 4447 347 4494 nisi
363 4446 424 4492 forte
438 4461 468 4492 ex
484 4447 558 4494 uerbis
574 4447 685 4508 Antigoni
700 4460 736 4506 ap.
752 4445 811 4492 Plut.
828 4445 889 4492 Mor.
903 4457 931 4492 11
949 4441 1086 4505 τοιγαροῦν,
1101 4439 1157 4502 ἔφη,
1171 4438 1215 4500 τὴν
1231 4437 1344 4502 κεφαλὴν

192 4512 242 4573 οὐχ
260 4508 319 4574 ἕξεις
336 4526 466 4573 compresso
480 4526 520 4576 per
537 4513 644 4572 laqueum
661 4511 738 4572 spiritu
758 4511 849 4572 periisse
869 4510 1012 4557 iudicabitur.
1045 4509 1104 4554 Vide
1124 4507 1231 4555 Macrob.
1244 4506 1291 4555 Sat.
1305 4504 1344 4554 vii.

194 4589 216 4638 3.
229 4591 268 4626 ra.
