3294 5214
679 455 928 518 PRAEFATIO.
1329 460 1377 518 xiii

227 617 321 678 fontes
342 634 489 694 quemque
510 614 687 687 reuocando,
709 617 805 694 coegit
825 614 979 674 mendacia
999 614 1090 675 fateri.
1132 614 1333 676 Eruditionem
1358 637 1375 676 a

226 720 306 788 patre
328 720 512 788 susceperat;
538 711 586 769 hic
603 710 682 769 enim
703 706 731 768 et
752 709 995 770 commentarium
1016 708 1046 767 in
1066 710 1269 787 Lycophronis
1286 709 1375 770 Alex·

226 803 347 863 andram
363 803 514 880 scripserat
528 803 570 883 (p.
583 800 654 881 305)
666 812 703 874 et,
715 801 796 879 quod
808 811 928 862 testatur
942 802 1017 862 filius
1030 802 1060 861 in
1076 801 1204 880 *elogio
1220 803 1375 864 multarum

225 896 390 972 linguarum
409 897 598 974 peritissimus
613 895 664 954 luit
678 895 719 975 (p.
738 892 818 972 111).
860 896 927 970 Ipse
942 904 1014 972 quot
1031 895 1141 973 legerit,
1156 915 1192 956 ex
1207 906 1269 957 toto
1284 897 1375 957 Com·

226 989 369 1048 mentario
387 989 529 1066 intelliges
539 1010 546 1061 ;
572 1007 627 1049 nec
646 1007 717 1049 sane
735 989 840 1048 clarius
859 1008 896 1048 ex
915 989 974 1049 ulla
991 1008 1022 1049 re
1039 991 1190 1068 apparebit
1203 1009 1292 1069 quam
1306 1010 1375 1051 uere

226 1083 341 1144 difficile
362 1101 481 1142 carmen
502 1084 546 1142 sit.
588 1083 667 1142 Nam
688 1092 798 1142 restant
819 1100 881 1142 non
905 1102 999 1160 pauca
1020 1102 1095 1160 quae
1116 1085 1204 1144 etiam
1226 1094 1293 1162 post
1314 1085 1375 1146 Sal-

226 1177 325 1252 uagnii
349 1175 492 1237 secundas
517 1194 600 1236 curas
625 1177 682 1235 sint
706 1177 736 1234 in
757 1176 898 1237 obscuro:
928 1186 959 1235 ut
982 1176 1027 1236 his
1053 1178 1083 1235 in
1106 1176 1178 1238 locis
1201 1178 1264 1254 ipse
1285 1177 1322 1238 de
1343 1197 1375 1238 se

226 1269 375 1346 professus
397 1280 450 1342 est,
471 1288 574 1330 uerum
598 1287 659 1328 non
683 1269 853 1347 repperisse.
899 1269 935 1328 In
960 1272 1116 1330 uerborum
1141 1271 1375 1348 interpretatione

225 1363 348 1422 multum
370 1363 483 1441 reliquit
503 1365 565 1424 aliis
575 1382 584 1437 ;
608 1381 832 1440 nonnumquam
851 1365 939 1423 etiam
957 1365 1070 1435 errauit,
1085 1375 1117 1424 ut
1136 1383 1163 1441 p.
1180 1383 1238 1442 323
1253 1366 1374 1425 doctriu-

225 1475 288 1516 mus
304 1467 453 1535 tamquam
473 1458 510 1516 de
529 1457 772 1535 philosophorum
791 1475 907 1533 genere,
924 1476 985 1518 non
1000 1458 1037 1518 de
1051 1476 1111 1518 uno
1127 1458 1255 1533 Socrate,
1270 1478 1299 1536 p.
1315 1475 1373 1536 347

226 1551 343 1629 Stygius
366 1554 461 1630 liquor
484 1563 634 1630 tamquam
659 1552 695 1611 de
719 1551 882 1611 Arcadicae
908 1551 1005 1630 Stygis
1029 1555 1101 1624 uiro,
1119 1571 1189 1612 *non
1213 1553 1250 1612 de
1273 1555 1374 1613 mortis

226 1647 453 1722 strangulatione
470 1646 581 1706 dictum
599 1655 685 1706 esset
728 1644 834 1722 Neque
854 1646 958 1706 melius
976 1647 1004 1706 ei
1024 1665 1070 1706 res
1084 1647 1177 1718 cessit,
1193 1646 1285 1706 sicubi
1303 1664 1376 1707 con·

225 1740 334 1799 iectura
347 1739 458 1817 aliquid
470 1739 674 1818 reponendum
688 1749 768 1813 erat;
790 1758 859 1798 nam
877 1758 973 1817 neque
987 1759 1108 1817 gramen
1121 1739 1280 1799 habentibus
1293 1743 1375 1800 aruis

225 1852 253 1911 p.
271 1848 338 1908 215,
353 1852 409 1893 nec
426 1832 477 1893 Sic
492 1840 558 1892 tuus
575 1834 705 1893 ardescat
720 1835 822 1918 stipulis
841 1836 903 1911 e'geu
921 1852 987 1911 rago
1005 1853 1033 1910 p.
1053 1847 1121 1909 357,
1136 1853 1191 1894 nec
1205 1833 1305 1912 Sagis
1317 1838 1379 1894 rem'

225 1946 254 2004 p.
271 1941 329 2003 374
350 1929 448 1987 multis
468 1927 648 2005 persuaserit.
691 1926 750 1987 Sed
763 1937 862 1987 tamen
876 1947 913 1987 ex
928 1927 1152 1988 Commentariis
1165 1929 1216 2006 qui
1234 1929 1296 1989 eius
1310 1930 1375 1990 aeui

225 2022 283 2081 sint
301 2021 413 2081 nullum
428 2023 565 2100 equidem
580 2022 650 2082 noui
665 2022 715 2100 qui
731 2021 927 2098 Saluagniano
941 2041 993 2099 par
1007 2023 1059 2082 sit:
1081 2023 1251 2081 nemetiam
1266 2022 1375 2084 Caseu-

225 2115 305 2176 bono
334 2116 482 2193 Scaligero
513 2115 659 2176 Lambino
687 2116 757 2176 uiris
788 2116 870 2175 omni
905 2116 990 2177 laude
1022 2116 1189 2188 maioribus,
1217 2134 1279 2176 non
1310 2136 1375 2185 raro

226 2210 348 2286 contigit
365 2210 453 2269 dubia
472 2219 561 2287 atque
575 2210 650 2269 adeo
665 2227 755 2287 praua
769 2227 897 2286 ponere:
919 2209 987 2270 huic
1001 2219 1060 2269 tam
1075 2219 1213 2269 constans
1228 2209 1376 2288 diligentia

225 2302 256 2360 in
280 2321 369 2381 opere
391 2299 530 2381 suscepto
554 2304 606 2363 luit
632 2313 663 2363 ut
688 2304 838 2363 doctrinae
860 2302 989 2362 Gallicae
1014 2304 1101 2362 etiam
1127 2322 1205 2363 nunc
1231 2305 1375 2382 singulare

225 2406 303 2458 extet
316 2409 551 2457 monumentum.

266 2490 345 2550 Vsus
356 2503 400 2552 est
411 2491 583 2568 Saluagnius
594 2493 697 2553 codice
709 2492 908 2552 Bibliothecae
920 2491 1186 2564 San-victorianae,
1197 2511 1269 2570 quas
1283 2511 1375 2554 mem-

222 2585 328 2645 branas
348 2586 474 2645 cariosas
490 2585 530 2665 (p.
549 2585 621 2665 197)
636 2587 688 2646 sed
709 2587 837 2664 optimae
857 2595 945 2646 notae
960 2587 1001 2662 (p.
1021 2588 1090 2660 144)
1109 2595 1214 2646 uocat:
1240 2587 1289 2664 qui
1308 2606 1375 2648 cum

223 2678 311 2738 hodie
325 2678 420 2752 lateat,
436 2699 542 2758 operae
557 2690 601 2739 est
614 2681 662 2740 hic
676 2679 807 2757 prolerre
821 2698 896 2757 quae
910 2698 947 2738 ex
961 2698 998 2739 eo
1013 2679 1119 2748 citauit,
1129 2679 1246 2758 Iamges
1260 2678 1301 2760 (p.
1314 2678 1374 2759 74),

223 2790 282 2832 om.
303 2791 351 2832 uu.
375 2793 442 2849 191,
467 2794 481 2832 1
504 2774 545 2854 (p.
573 2776 653 2847 144),
674 2793 702 2834 u.
726 2775 785 2850 316
807 2773 950 2832 subsilens
970 2771 1012 2851 (p.
1038 2770 1117 2852 158),
1138 2791 1165 2832 11.
1192 2776 1374 2852 378'spe'nga

206 2859 212 2866 ’
225 2859 265 2941 (p.
282 2864 360 2945 197),
376 2884 471 2944 11447
487 2874 599 2944 aterque
612 2867 747 2926 Medusae
760 2868 801 2948 (p.
814 2867 894 2946 241),
905 2886 933 2926 u.
945 2880 1003 2942 473
1019 2874 1051 2925 ut
1063 2869 1128 2927 nati
1138 2869 1275 2946 saeaguim
1288 2871 1375 2928 eodem

225 2958 266 3037 (p.
281 2959 359 3040 164),
375 2979 403 3022 u.
416 2977 473 3037 545
486 2962 665 3039 Harpahtces
676 2962 717 3043 (p.
732 2959 811 3040 313),
827 2980 855 3021 11.
867 2964 923 3018 611
941 2959 1227 3020 Aethalon-Battus
1241 2960 1374 3041 (71376).

224 3052 360 3131 Denique
374 3055 512 3116 Veterem
527 3057 721 3132 interpretem
738 3073 795 3133 ope
811 3056 935 3115 duorum
949 3053 1086 3114 codicum
1099 3073 1189 3114 manu
1203 3057 1375 3132 scriptorum

224 3146 444 3224 locupletiorem
458 3161 487 3209 et
501 3151 730 3210 emendatiorem
745 3150 834 3210 edidit
851 3160 1001 3225 tamquam
1015 3149 1210 3225 appendicem
1225 3167 1375 3209 commen·

224 3241 293 3312 tarii,
309 3259 397 3318 quem
412 3242 469 3301 iarn
484 3244 587 3304 iterum
601 3244 776 3320 publicabat.

265 3334 453 3412 Saluagnium
474 3339 523 3414 qui
545 3346 629 3397 norat
650 3337 791 3397 Nicolaus
809 3335 949 3396 Heinsius
970 3355 1096 3416 cumque
1118 3355 1154 3396 eo
1176 3337 1317 3398 nonnulla
1338 3339 1375 3398 de

224 3427 307 3488 Ibide
327 3431 563 3504 communicarat,
580 3430 642 3510 (pp.
660 3451 725 3507 130,
745 3428 815 3509 189)
830 3432 892 3507 ipse
909 3440 1020 3491 textum
1040 3432 1175 3491 carminis
1188 3431 1331 3491 recensuit
1345 3432 1376 3490 in

224 3522 351 3582 editione
362 3521 460 3583 Ouidii
470 3542 594 3602 operum
606 3543 683 3602 quae
697 3524 765 3585 inde
780 3527 818 3584 ab
829 3529 930 3588 anno†
944 3540 1019 3600 1552
1033 3542 1243 3602 saepenumero
1254 3524 1376 3601 repetita

225 3614 339 3690 prodiit.
382 3615 442 3689 Qui
457 3619 517 3680 siue
532 3618 614 3695 quod
628 3619 758 3679 ‘codices
778 3619 827 3695 qui
841 3627 1015 3678 uetustatem
1029 3629 1057 3678 et
1070 3636 1192 3678 manum
1205 3618 1375 3695 castigatam

224 3726 294 3785 prae
305 3727 337 3769 se
352 3709 467 3783 ferrent,
478 3713 526 3770 uix
541 3713 750 3773 inuenirentur'
760 3711 851 3771 lbidis
865 3711 926 3770 siue
941 3711 1021 3789 quod
1036 3730 1153 3788 caprae
1168 3711 1269 3770 ceteris
1278 3710 1375 3769 Ouidii

225 3803 336 3877 scriptis
361 3804 498 3878 sorderet,
519 3823 664 3882 perpauca
687 3806 806 3865 feliciter
828 3806 960 3877 correxit,
981 3805 1035 3864 nisi
1057 3805 1138 3882 quod
1161 3822 1216 3879 391
1241 3802 1304 3862 Sex
1324 3803 1375 3876 bis,

226 3897 283 3954 661
309 3893 438 3971 Orpheos,
464 3912 520 3972 561
545 3897 715 3959 Phalaeceae
739 3898 859 3958 reduxit.
903 3897 1006 3958 Cetera
1034 3908 1084 3957 aut
1107 3897 1193 3956 dubia
1216 3896 1294 3955 uelut
1318 3900 1374 3974 189

225 4008 333 4050 reorum
348 4008 403 4066 pro
417 3993 554 4064 uirorum,
571 4011 630 4068 434
650 3993 831 4069 Tereeilesque,
848 3994 906 4066 508
918 3991 1027 4066 Phryx
1039 3997 1070 4049 tu
1084 3997 1205 4061 uenator,
1220 3999 1269 4048 aut
1283 3991 1375 4049 mani-

225 4081 295 4142 feste
311 4081 390 4155 falsa,
407 4099 464 4159 115
473 4086 651 4160 palustribus
665 4088 749 4158 uluis,
767 4089 825 4160 366
840 4086 961 4145 Pisaeae
968 4087 1061 4163 farei,
1078 4087 1136 4157 418
1153 4102 1221 4158 quae
1233 4084 1289 4143 tibi
1298 4086 1376 4160 pee'ar

224 4178 285 4247 ree't,
303 4190 361 4252 599
375 4175 477 4236 Meliti
489 4197 542 4254 pro
557 4179 654 4255 Anyti.

267 4267 416 4346 Saluagnii
441 4274 684 4333 commentarium
711 4284 806 4334 totum
834 4274 864 4330 in
888 4273 971 4332 suain
995 4273 1153 4332 editionem
1177 4272 1318 4335 transtulit
1342 4273 1375 4332 P.

253 4477 254 4482 ,
308 4441 322 4472 *
344 4439 413 4486 Extat
426 4439 448 4485 in
460 4439 574 4503 Saluagnii
588 4441 696 4488 Miscellis
709 4441 771 4489 Fasc.
784 4442 806 4488 ii.
819 4457 841 4501 p.
857 4449 985 4502 1671119.
998 4441 1033 4487 De
1046 4439 1180 4488 Terrebrsse
1192 4457 1215 4501 p.
1232 4449 1285 4502 127.

308 4503 325 4558 †
344 4504 379 4551 De
391 4505 478 4553 Heinsii
491 4506 628 4553 editionibus
640 4507 743 4555 disseruit
757 4505 882 4554 Merkelius
894 4508 916 4552 in
928 4507 1024 4566 praefat.
1038 4505 1147 4554 Triarium
1161 4521 1197 4566 pp.
1210 4507 1272 4556 vi-x.
