3296 5210
655 463 879 526 EXCVRSVS.
1168 469 1170 474 '
1292 470 1348 524 187

192 623 215 676 Ρ
224 618 413 692 pentheliden,
427 619 575 675 Conradus
594 619 631 675 de
651 622 733 678 Mure
746 621 916 692 pentnidemx
928 616 1050 676 exhibet
1086 620 1146 675 Sed
1165 621 1219 674 hoc
1233 621 1348 690 penthi-

190 693 253 748 dem
266 691 338 746 mira
350 691 511 746 constantia
522 690 590 745 boni
602 702 739 774 respuunt
752 692 873 760 codices,
884 709 937 746 nec
947 699 1041 761 potest
1053 707 1152 746 uerum
1165 707 1237 760 esse,
1248 709 1347 762 quam-

190 763 235 818 uis
254 763 283 817 in
302 762 441 818 editiones
459 779 525 816 suas
539 763 694 818 Merkehus
711 772 739 818 et
758 773 822 832 post
835 780 900 817 eum
915 762 1027 816 Riesius
1041 761 1214 816 admiserint.
1252 765 1347 818 Causa

190 833 294 888 erroris
306 850 341 888 ex
358 832 482 904 eoquod
496 834 624 888 Penthea
641 850 706 888 cum
720 836 848 903 Lycurgo
867 834 959 888 solent
972 839 1074 903 poetae
1087 833 1258 901 coniungere
1270 843 1345 888 tam·

190 921 277 975 quam
291 904 402 975 impios.
441 903 526 958 Diod.
541 903 580 958 iii.
597 904 640 972 65.
657 918 675 970 4
693 910 749 958 Τῶν
768 905 797 957 δέ
818 905 999 958 κολασθέντων
1019 901 1062 957 ὑπ’
1081 904 1161 957 αὐτοῦ
1182 908 1267 974 φασιν
1287 905 1345 958 έπι-

189 977 370 1044 φονεστάτους
383 968 445 1028 εἶναι
458 972 558 1029 Πενθέα
570 975 617 1042 μὲν
629 975 699 1043 παρά
710 977 765 1030 τοῖς
771 972 897 1043 Ἕλλησι,
910 973 1047 1057 Μύῤῥανον
1060 973 1088 1028 δέ
1100 973 1273 1038 τὸνβασιλέα
1284 972 1344 1045 παρ’

188 1044 289 1112 Ἰνδοῖς,
308 1049 457 1116 Λυκοῦργον
475 1045 503 1098 δὲ
521 1045 592 1114 παρὰ
610 1047 664 1100 τοῖς
682 1045 773 1116 θροξί.
812 1048 882 1100 Hor.
897 1047 927 1100 C.
942 1045 969 1100 il.
987 1060 1026 1114 19.
1044 1060 1075 1111 14
1088 1049 1213 1114 tectaque
1224 1045 1347 1100 Penthei

189 1117 318 1171 Disiecta
336 1133 393 1171 non
409 1117 469 1170 lem'
486 1117 574 1170 ruina
599 1115 717 1171 Thracis
736 1122 764 1170 et
781 1118 901 1171 em‘tium
921 1118 1018 1187 Lycur
1044 1118 1056 1170 '.
1087 1116 1170 1186 Prop.
1191 1115 1226 1170 iv.
1250 1129 1287 1182 17.
1309 1131 1343 1184 23

195 1188 388 1257 Vesanumque
405 1203 482 1241 noua
503 1188 673 1256 nequiquam
693 1189 725 1242 in
744 1189 803 1241 uite
820 1189 992 1258 Lycurgum,
1038 1185 1150 1241 entheos
1166 1187 1199 1240 in
1217 1187 1344 1257 implices

187 1259 293 1324 funera
300 1265 391 1330 grata
397 1273 508 1329 greges.
539 1257 622 1312 Trist.
636 1277 661 1311 v.
676 1273 700 1326 3.
715 1273 750 1326 39
765 1259 835 1312 Ossa
847 1259 1018 1328 bipenniferi
1027 1259 1069 1312 sic
1083 1259 1143 1312 sint
1157 1254 1231 1311 male
1242 1261 1344 1327 pressu
1358 1295 1359 1304 ι

189 1329 319 1400 Lycurgi
334 1329 430 1399 Impia
451 1345 500 1382 nec
516 1331 609 1398 paena
623 1328 761 1383 Pentheos
779 1330 879 1382 umbra
896 1336 984 1384 uacet.
1016 1331 1087 1383 Met.
1107 1328 1143 1383 iv.
1162 1343 1195 1381 22
1216 1328 1343 1382 Penthea

188 1405 230 1480 tu,
249 1401 414 1469 ammanite,
432 1400 691 1470 bipenniferumque
705 1401 870 1471 Lycurgum
883 1401 1043 1470 Saen'iegos
1059 1405 1172 1454 maetas.
1211 1399 1343 1468 Apollod.

190 1482 344 1539 111.5.1,2.

225 1541 365 1596 Fabulam
379 1540 500 1610 Lycurgi
512 1540 620 1610 primus
635 1542 778 1595 Homerus
790 1540 915 1596 narrauit
930 1539 1011 1596 11.vi.
1028 1555 1079 1609 130

367 1611 433 1665 Ούδέ
452 1613 503 1682 γάρ
522 1611 582 1665 οὐδὲ
600 1609 731 1680 Δρύαντος
748 1613 802 1666 vids
814 1613 936 1702 κρατερὸς
948 1609 1096 1682 Λυκόοργος
1191 1623 1194 1630 “

368 1683 422 1750 Δὴν
439 1679 478 1749 ἦν,
497 1681 525 1738 ὅς
542 1680 575 1751 ῥα
593 1683 694 1738 θεοῖσιν
710 1681 904 1752 ε’πουριινιοισιν
921 1683 1013 1752 ἔριζεν.

361 1751 410 1808 'Os
427 1772 490 1807 ποτε
507 1752 670 1822 μαινομένοιο
689 1752 832 1807 Διωνύσοιο
849 1752 953 1821 τιθήνας

366 1827 428 1877 Σεῦε
446 1821 499 1877 κατ’
517 1820 628 1894 ἠγάθεον
646 1821 769 1892 Νυσήιον·
796 1825 822 1876 oi
840 1821 864 1877 δ’
882 1824 934 1892 ἅμα
951 1826 1035 1879 πᾶσαι

366 1891 477 1950 θύσθλα
495 1893 576 1964 χαμαὶ
594 1892 740 1964 κατέχευαν,
758 1893 800 1950 ὑπ’
818 1894 991 1965 ἀνδροφόνοιο
1010 1893 1159 1966 Λυκούργου

354 1952 515 2029 ’θεινόμεναι
532 1967 673 2036 βουπλῆγι.
703 1967 836 2021 Διώνυσος
847 1966 876 2020 δέ
888 1966 1016 2037 φοβηθεὶς

365 2034 460 2090 Δύσεθ
479 2037 543 2091 άλδς
560 2037 624 2090 κατὰ
641 2038 717 2104 κῦμα,
735 2037 810 2092 θέτις
828 2033 851 2091 δ’
869 2037 1009 2104 ὑπεδέξατο
1028 2038 1117 2092 κόλπω

364 2107 493 2160 Δειδιότο·
519 2107 642 2177 κρατερός
658 2107 709 2177 γδρ
728 2109 774 2178 ἔχε
790 2111 886 2178 τρόμος
903 2107 996 2178 ἀνδρὸς
1013 2089 1121 2176 ὁμοκλῇ.

364 2177 407 2249 Tui
424 2177 471 2246 μέν
488 2175 567 2231 ἔπειτ’
585 2176 713 2232 ὀδύσαντο
731 2179 785 2232 θεοὶ
804 2177 860 2249 ῥεῖα
878 2179 992 2248 ζώοντες,

364 2247 415 2301 Καί
432 2268 476 2317 μιν
492 2249 595 2318 τυφλὸν
612 2247 686 2316 ἔθηκε
704 2250 804 2320 Κρόνου
821 2252 890 2304 τοῖς·
915 2248 969 2303 οὐδ’
987 2246 1027 2318 ἄρ’
1046 2249 1084 2303 ἔτι
1103 2248 1149 2318 δὴν

215 2369 220 2376 ,
270 2377 276 2384 ‚
360 2313 422 2385 Ἠν,
440 2318 497 2373 ἐπεὶ
514 2319 680 2373 ἀθανάτοισιν
698 2319 829 2390 ἀπήχθετο
846 2322 913 2375 πᾶσι
931 2319 1039 2374 θεοῖσιν.
1330 2354 1336 2368 ·

188 2393 226 2446 Et
252 2387 329 2459 apud
353 2389 513 2444 Homerum
534 2389 649 2471 quidem
673 2391 817 2460 Lycurgus
841 2400 956 2461 propter
979 2390 1155 2461 impietatem
1177 2406 1278 2444 caecus
1301 2391 1340 2446 fit.

186 2461 274 2531 Apud
290 2460 467 2530 'Sophoclem
488 2460 584 2530 Antlg.
604 2472 655 2529 955
677 2478 737 2531 sqq.
758 2461 883 2529 πετρώδει
908 2462 1086 2530 κατάφρακτος
1110 2461 1138 2514 έν
1162 2461 1250 2531 δεσμῷ
1272 2479 1341 2515 saxo

187 2531 311 2586 inclusus
321 2548 339 2585 a
349 2531 463 2585 Baccho
473 2530 552 2600 perit.
579 2531 768 2602 Apollodorus
778 2531 807 2585 in
818 2534 951 2601 Pangaeo
964 2541 1061 2586 monte
1074 2530 1153 2601 equis
1164 2531 1339 2598 dilaniatum,

188 2602 320 2672 Hyginus
332 2601 366 2678 ‘in
384 2601 524 2671 Rhodope
541 2601 687 2672 pantheris
704 2601 846 2656 obiectum
864 2602 958 2657 tradit.
997 2603 1078 2656 idem
1094 2612 1190 2656 tamen
1208 2602 1340 2670 Hyginus

187 2673 243 2728 alio
259 2675 323 2727 loco
340 2687 390 2738 242
409 2671 502 2742 ipsum
519 2689 549 2726 se
566 2672 741 2728 interfecisse
760 2672 836 2727 dicit.
875 2674 933 2728 Sed
945 2672 1107 2742 discrepant
1120 2673 1207 2727 etiam
1219 2673 1338 2743 reliqua.

187 2745 265 2799 Nam
277 2744 451 2814 Apollodoro
464 2752 536 2798 teste
550 2742 588 2798 iii.
603 2756 625 2812 5.
642 2759 652 2797 1
669 2745 813 2826 Lycurgus
830 2753 982 2814 postquam
999 2743 1116 2798 insanus
1130 2743 1220 2797 lactus
1233 2754 1308 2798 esset
1321 2762 1339 2798 a

186 2816 310 2896 Baccho,
329 2813 417 2868 filium
435 2831 518 2868 suum
537 2816 705 2884 Dryantem,
723 2814 789 2869 uitis
810 2815 952 2869 surculum
973 2824 1059 2883 ratus,
1078 2813 1168 2869 securi
1190 2813 1338 2882 interfecit,

186 2902 274 2956 seque
299 2900 360 2954 ipse
383 2884 532 2939 mutilauit.
586 2887 749 2940 Secundum
776 2885 922 2955 Hyginum
950 2901 998 2954 132
1023 2887 1173 2956 Lycurgus
1197 2885 1339 2949 Dryantis

177 2957 264 3026 filins
276 2955 409 3010 Liberum
421 2957 455 3010 de
467 2971 553 3026 regno
555 2957 687 3027 fugauit.
718 2973 800 3026 quern
813 2974 876 3011 eum
889 2962 1005 3028 negaret
1015 2957 1098 3010 mum
1114 2973 1171 3009 esse
1183 2957 1338 3026 uinnmque

184 3027 295 3081 bibisset
311 3032 340 3081 ei
356 3027 449 3080 ebrius
466 3032 586 3080 matrem
603 3045 686 3082 suam
705 3029 814 3082 uiolare
833 3029 975 3096 uoluisset,
994 3034 1064 3083 tunc
1078 3029 1150 3081 uites
1162 3027 1286 3080 exstitere
1298 3033 1339 3080 est

184 3104 309 3166 conatus,
322 3097 400 3167 quod
413 3098 517 3151 diceret
533 3098 612 3153 illud
626 3099 734 3152 malum
753 3100 984 3153 medicamentum
998 3116 1061 3166 esse,
1079 3097 1157 3168 quod
1170 3104 1273 3151 mentes
1285 3099 1337 3152 im-

184 3174 317 3222 mutaret.
347 3169 400 3238 qui
409 3169 525 3222 insania
536 3169 571 3222 ab
583 3170 683 3223 Libero
695 3171 797 3224 obiecta
809 3187 925 3224 uxorem
942 3187 1024 3224 suam
1040 3176 1067 3224 et
1078 3170 1177 3240 filium
1189 3169 1337 3240 interfecit.

186 3241 273 3306 Hunc
291 3238 403 3294 uidetur
421 3248 534 3293 secutus
553 3240 615 3294 Val.
636 3241 755 3295 Flaccus
768 3241 790 3302 i,
800 3253 852 3310 729
864 3242 949 3295 talem
966 3242 1056 3296 incita
1072 3241 1166 3310 longis
1177 3240 1337 3294 Porticibus

183 3310 450 3381 coninnaynefugit
460 3311 576 3380 natique
588 3311 758 3382 Lycurgum.
786 3311 917 3382 Denique
929 3321 1002 3366 teste
1016 3310 1115 3366 Seruio
1125 3310 1163 3364 ad
1173 3313 1242 3365 Aen.
1252 3310 1290 3364 iii.
1305 3326 1337 3376 14

185 3380 230 3438 ed.
240 3380 324 3435 Thilo
333 3382 402 3435 dum
415 3384 610 3451 contempnens
619 3383 751 3436 Liberum
763 3384 824 3436 eius
836 3387 968 3452 amputat
979 3383 1059 3450 uites,
1070 3399 1155 3436 crura
1164 3398 1218 3434 sua
1227 3383 1336 3450 incidit,

183 3468 306 3533 quocum
318 3451 425 3506 faciunt
443 3454 538 3506 Acron
556 3461 584 3506 et
603 3452 779 3522 Porphyrion
792 3452 829 3506 ad
844 3455 912 3507 Hor.
929 3454 959 3507 C.
974 3453 1000 3506 ii.
1018 3468 1056 3522 19.
1074 3467 1113 3519 14.
1152 3452 1190 3505 Et
1205 3454 1334 3506 Lucanus

183 3521 221 3576 iri.
243 3537 293 3591 431
317 3524 354 3576 In
374 3539 428 3576 sua
448 3522 594 3577 credebant
611 3524 755 3578 redituras
776 3524 898 3576 membra
922 3541 1029 3577 secures
1049 3524 1123 3577 hanc
1144 3523 1336 3579 narrationem

182 3592 305 3663 respexit
327 3603 357 3648 ut
379 3593 488 3648 monuit
511 3594 605 3648 Schol.
625 3593 744 3648 Vseneri
765 3593 794 3647 in
814 3595 866 3648 loc„
886 3595 1010 3664 Licurgi
1028 3594 1158 3647 uidelicet
1177 3594 1336 3663 exemplum

181 3666 311 3718 timentes
322 3680 394 3733 quae
401 3668 506 3734 passus
517 3669 559 3718 est
570 3681 588 3717 a
600 3664 709 3718 Libero.

219 3735 263 3788 Ex
281 3734 326 3788 his
347 3734 417 3789 satis
437 3734 510 3789 bene
529 3751 627 3788 uersus
648 3733 738 3789 Ibidis
756 3731 919 3804 explicabis,
939 3733 962 3788 si
980 3733 1069 3803 finges
1090 3734 1249 3803 Lycurgum
1269 3750 1334 3787 cum

182 3803 271 3859 filium
293 3822 375 3859 suum
396 3815 543 3876 tamquam
563 3805 651 3860 uitem
673 3804 764 3859 securi
785 3815 924 3872 necasset,
943 3804 1020 3858 idem
1038 3804 1125 3858 telum
1145 3803 1223 3872 (Luc.
1244 3803 1261 3858 i.
1283 3805 1334 3873 576

181 3877 263 3930 saeui
280 3877 415 3930 contorsit
433 3877 500 3930 tela
518 3876 660 3958 Lycurgi)
679 3875 708 3929 in
727 3893 759 3930 se
777 3875 970 3930 conuertisse:
995 3891 1063 3928 nam
1081 3876 1136 3929 hac
1155 3874 1215 3929 siue
1233 3885 1334 3943 morte,

181 3945 243 4001 siue
263 3946 455 4001 membrorum
479 3955 682 4016 amputatione,
706 3945 755 4000 filii
780 3946 868 4016 patris
892 3946 921 4000 in
947 3963 978 4001 se
1002 3946 1124 4000 furorem
1148 3945 1332 4000 ulciscuntur.

182 4017 267 4086 Quod
284 4016 353 4072 dixit
369 4018 471 4072 telum
486 4034 608 4071 nouum
626 4016 717 4086 potuit
735 4017 898 4087 ambiguam
916 4033 1018 4072 uocem
1035 4018 1167 4086 βουπλῆγι
1183 4015 1333 4086 respicere,

181 4104 267 4157 quarn
280 4087 327 4142 alii
341 4087 493 4156 stimulum,
507 4087 554 4142 alii
567 4087 689 4142 securim
701 4087 966 4158 interpretabantur.

216 4159 380 4213 Penteliden
403 4157 472 4229 quid
503 4158 548 4227 sit,
585 4160 697 4214 haereo.
756 4160 890 4214 Putaram
921 4177 955 4214 ex
984 4155 1159 4213 theraleten*
1191 4156 1331 4238 corrumpi

180 4228 315 4299 potuisse,
337 4239 483 4299 tamquam
509 4230 653 4299 Lycurgus
678 4231 824 4284 Bacchum
849 4230 901 4284 sub
923 4231 1000 4285 ferae
1024 4229 1118 4300 specie
1143 4227 1215 4284 tauri
1241 4229 1331 4282 leonis

180 4299 261 4370 pardi
290 4299 446 4370 pantherae
472 4299 550 4368 (Ant.
576 4299 637 4354 Lib.
662 4299 690 4368 x)
716 4300 868 4370 adgressus
892 4301 982 4356 suerit.
1034 4303 1119 4355 Nunc
1147 4298 1261 4370 propius
1293 4300 1331 4352 ad

179 4387 278 4426 uerum
291 4379 359 4440 puto
372 4371 508 4426 accedere
518 4371 691 4425 Pantaliden
703 4372 749 4425 uel
761 4372 928 4426 Paetaliden
940 4390 975 4426 ex
989 4372 1059 4426 Ptol.
1074 4371 1110 4425 iii.
1125 4386 1165 4439 11,
1179 4386 1218 4439 12,
1232 4370 1331 4439 Steph.

169 4433 246 4514 'Bya
271 4442 401 4497 Παιταλία
424 4444 501 4511 μοῖρα
526 4439 633 4511 θρᾷκγς.
677 4443 707 4495 τδ
736 4441 835 4497 ε’θνικδν
858 4445 1044 4510 Παιταλιὼτης.
1090 4442 1175 4511 Quod
1201 4441 1223 4495 si
1255 4450 1331 4496 recte

311 4583 326 4617 *
343 4580 444 4644 Hesych.
456 4577 594 4643 θηρολέτης·
612 4578 721 4643 κυνηγός.
751 4581 853 4644 Fulgent.
867 4579 945 4643 Myth.
958 4582 989 4629 iii.
1003 4594 1015 4628 a
1028 4579 1200 4630 contherolems.
