<?xml version="1.0" encoding="UTF-8"?>
<!DOCTYPE html PUBLIC "-//W3C//DTD XHTML 1.0 Transitional//EN"
    "http://www.w3.org/TR/xhtml1/DTD/xhtml1-transitional.dtd">
<html xmlns="http://www.w3.org/1999/xhtml" xml:lang="en" lang="en">
 <head>
  <title>
</title>
<meta http-equiv="Content-Type" content="text/html;charset=utf-8" />
  <meta name='ocr-system' content='tesseract 3.04.00' />
  <meta name='ocr-capabilities' content='ocr_page ocr_carea ocr_par ocr_line ocrx_word'/>
</head>
<body>
  <div class='ocr_page' id='page_1' title='image "./povidiinasonisi01elligoog_0056.png"; bbox 0 0 3294 5214; ppageno 0'>
   <div class='ocr_carea' id='block_1_1' title="bbox 590 441 1332 505">
    <p class='ocr_par' dir='ltr' id='par_1_1' title="bbox 590 441 1332 505">
     <span class='ocr_line' id='line_1_1' title="bbox 590 441 1332 505; baseline 0 -3"><span class='ocrx_word' id='word_1_1' title='bbox 590 443 917 505; x_wconf 90' lang='lat' dir='ltr'><em>PROLEGOMENA.</em></span> <span class='ocrx_word' id='word_1_2' title='bbox 1313 441 1332 502; x_wconf 93' lang='lat' dir='ltr'><em>li</em></span> 
     </span>
    </p>
   </div>
   <div class='ocr_carea' id='block_1_2' title="bbox 103 595 1340 3698">
    <p class='ocr_par' dir='ltr' id='par_1_2' title="bbox 180 595 1334 743">
     <span class='ocr_line' id='line_1_2' title="bbox 180 595 1334 680; baseline 0.001 -21"><span class='ocrx_word' id='word_1_3' title='bbox 180 600 365 678; x_wconf 88' lang='lat' dir='ltr'><em>potissimum</em></span> <span class='ocrx_word' id='word_1_4' title='bbox 385 599 490 660; x_wconf 84' lang='lat' dir='ltr'><em>fabulis</em></span> <span class='ocrx_word' id='word_1_5' title='bbox 510 600 668 674; x_wconf 86' lang='lat' dir='ltr'><em>inlustraui,</em></span> <span class='ocrx_word' id='word_1_6' title='bbox 690 619 870 680; x_wconf 86' lang='lat' dir='ltr'><em>quamquam</em></span> <span class='ocrx_word' id='word_1_7' title='bbox 890 601 921 661; x_wconf 92' lang='lat' dir='ltr'><em>in</em></span> <span class='ocrx_word' id='word_1_8' title='bbox 936 595 1089 680; x_wconf 80' lang='lat' dir='ltr'>Hyginum</span> <span class='ocrx_word' id='word_1_9' title='bbox 1110 599 1177 661; x_wconf 87' lang='lat' dir='ltr'>Ibin</span> <span class='ocrx_word' id='word_1_10' title='bbox 1198 600 1334 678; x_wconf 83' lang='lat' dir='ltr'><em>scriptam</em></span> 
     </span>
     <span class='ocr_line' id='line_1_3' title="bbox 180 681 474 743; baseline 0 -1"><span class='ocrx_word' id='word_1_11' title='bbox 180 683 270 743; x_wconf 83' lang='lat' dir='ltr'><em>fuisse</em></span> <span class='ocrx_word' id='word_1_12' title='bbox 283 701 345 742; x_wconf 90' lang='lat' dir='ltr'><em>non</em></span> <span class='ocrx_word' id='word_1_13' title='bbox 360 681 474 743; x_wconf 83' lang='lat' dir='ltr'><em>credo*</em></span> 
     </span>
    </p>

    <p class='ocr_par' dir='ltr' id='par_1_3' title="bbox 103 763 1340 3451">
     <span class='ocr_line' id='line_1_4' title="bbox 220 763 1334 840; baseline 0 -17"><span class='ocrx_word' id='word_1_14' title='bbox 220 764 312 840; x_wconf 89' lang='lat' dir='ltr'><strong>Apud</strong></span> <span class='ocrx_word' id='word_1_15' title='bbox 329 764 474 824; x_wconf 86' lang='lat' dir='ltr'><em>Velleium</em></span> <span class='ocrx_word' id='word_1_16' title='bbox 495 763 555 823; x_wconf 91' lang='lat' dir='ltr'><em>duo</em></span> <span class='ocrx_word' id='word_1_17' title='bbox 576 765 674 824; x_wconf 89' lang='lat' dir='ltr'><em>inueni</em></span> <span class='ocrx_word' id='word_1_18' title='bbox 694 783 762 825; x_wconf 87' lang='lat' dir='ltr'><em>cum</em></span> <span class='ocrx_word' id='word_1_19' title='bbox 780 765 863 825; x_wconf 86' lang='lat' dir='ltr'>Ibide</span> <span class='ocrx_word' id='word_1_20' title='bbox 883 765 1061 837; x_wconf 86' lang='lat' dir='ltr'><em>communia,</em></span> <span class='ocrx_word' id='word_1_21' title='bbox 1081 765 1109 824; x_wconf 90' lang='lat' dir='ltr'><em>ii.</em></span> <span class='ocrx_word' id='word_1_22' title='bbox 1126 767 1165 824; x_wconf 82' lang='lat'><em>60</em></span> <span class='ocrx_word' id='word_1_23' title='bbox 1179 765 1334 824; x_wconf 89' lang='lat' dir='ltr'><em>iiiuidi&#39;osoe</em></span> 
     </span>
     <span class='ocr_line' id='line_1_5' title="bbox 174 845 1334 926; baseline 0.001 -23"><span class='ocrx_word' id='word_1_24' title='bbox 174 849 310 920; x_wconf 78' lang='lat' dir='ltr'><em>fortunae</em></span> <span class='ocrx_word' id='word_1_25' title='bbox 335 845 470 905; x_wconf 81' lang='lat' dir='ltr'><em>Caesaris</em></span> <span class='ocrx_word' id='word_1_26' title='bbox 493 847 664 922; x_wconf 88' lang='lat' dir='ltr'><em>quodcum</em></span> <span class='ocrx_word' id='word_1_27' title='bbox 689 847 733 906; x_wconf 92' lang='lat' dir='ltr'><em>Ib.</em></span> <span class='ocrx_word' id='word_1_28' title='bbox 759 865 813 905; x_wconf 81' lang='lat' dir='ltr'><em>iii</em></span> <span class='ocrx_word' id='word_1_29' title='bbox 840 845 981 906; x_wconf 79' lang='lat' dir='ltr'><em>Fortunae</em></span> <span class='ocrx_word' id='word_1_30' title='bbox 990 849 1087 926; x_wconf 89' lang='lat' dir='ltr'><em>socies</em></span> <span class='ocrx_word' id='word_1_31' title='bbox 1110 848 1249 906; x_wconf 85' lang='lat' dir='ltr'><em>i&#39;nuiiliosa</em></span> <span class='ocrx_word' id='word_1_32' title='bbox 1271 853 1334 905; x_wconf 91' lang='lat' dir='ltr'><em>tuae</em></span> 
     </span>
     <span class='ocr_line' id='line_1_6' title="bbox 179 926 1331 1004; baseline -0.001 -17"><span class='ocrx_word' id='word_1_33' title='bbox 179 946 341 1004; x_wconf 88' lang='lat' dir='ltr'><em>compares,</em></span> <span class='ocrx_word' id='word_1_34' title='bbox 350 929 376 986; x_wconf 91' lang='lat' dir='ltr'><em>ii.</em></span> <span class='ocrx_word' id='word_1_35' title='bbox 390 929 427 1000; x_wconf 86' lang='lat'><em>64</em></span> <span class='ocrx_word' id='word_1_36' title='bbox 439 928 483 987; x_wconf 87' lang='lat' dir='ltr'><em>At</em></span> <span class='ocrx_word' id='word_1_37' title='bbox 493 929 623 988; x_wconf 88' lang='lat' dir='ltr'><em>tribunus</em></span> <span class='ocrx_word' id='word_1_38' title='bbox 639 927 800 988; x_wconf 80' lang='lat' dir='ltr'><em>Cannutius</em></span> <span class='ocrx_word' id='word_1_39' title='bbox 812 930 914 987; x_wconf 81' lang='lat' dir='ltr'><em>canina</em></span> <span class='ocrx_word' id='word_1_40' title='bbox 927 929 1005 989; x_wconf 83' lang='lat' dir='ltr'><em>rabie</em></span> <span class='ocrx_word' id='word_1_41' title='bbox 1018 928 1160 988; x_wconf 89' lang='lat' dir='ltr'><em>lacerabat</em></span> <span class='ocrx_word' id='word_1_42' title='bbox 1169 926 1331 999; x_wconf 81' lang='lat' dir='ltr'><em>Antonium,</em></span> 
     </span>
     <span class='ocr_line' id='line_1_7' title="bbox 180 1008 1334 1088; baseline -0.003 -18"><span class='ocrx_word' id='word_1_43' title='bbox 180 1009 217 1070; x_wconf 87' lang='lat' dir='ltr'><em>cf.</em></span> <span class='ocrx_word' id='word_1_44' title='bbox 232 1008 276 1068; x_wconf 90' lang='lat' dir='ltr'><em>Ib.</em></span> <span class='ocrx_word' id='word_1_45' title='bbox 294 1028 351 1084; x_wconf 86' lang='grc'><em>229</em></span> <span class='ocrx_word' id='word_1_46' title='bbox 368 1009 543 1086; x_wconf 79' lang='lat' dir='ltr'><em>Gutturaque</em></span> <span class='ocrx_word' id='word_1_47' title='bbox 560 1010 710 1068; x_wconf 90' lang='lat' dir='ltr'><em>inbuerant</em></span> <span class='ocrx_word' id='word_1_48' title='bbox 724 1011 849 1088; x_wconf 85' lang='lat' dir='ltr'><em>i&#39;iisanti&#39;o</em></span> <span class='ocrx_word' id='word_1_49' title='bbox 867 1011 935 1070; x_wconf 88' lang='lat' dir='ltr'><em>lacte</em></span> <span class='ocrx_word' id='word_1_50' title='bbox 948 1012 1047 1070; x_wconf 89' lang='lat' dir='ltr'><em>canino</em></span> <span class='ocrx_word' id='word_1_51' title='bbox 1061 1054 1067 1069; x_wconf 92' lang='lat'><strong>.</strong></span> <span class='ocrx_word' id='word_1_52' title='bbox 1082 1053 1090 1070; x_wconf 91' lang='lat'><em>.</em></span> <span class='ocrx_word' id='word_1_53' title='bbox 1105 1053 1113 1070; x_wconf 86' lang='lat'><strong>.</strong></span> <span class='ocrx_word' id='word_1_54' title='bbox 1128 1009 1259 1070; x_wconf 83' lang='lat' dir='ltr'><em>Perbibit</em></span> <span class='ocrx_word' id='word_1_55' title='bbox 1270 1011 1334 1068; x_wconf 83' lang='lat' dir='ltr'><em>indi</em></span> 
     </span>
     <span class='ocr_line' id='line_1_8' title="bbox 179 1090 1332 1170; baseline 0.002 -22"><span class='ocrx_word' id='word_1_56' title='bbox 179 1110 247 1148; x_wconf 87' lang='lat' dir='ltr'><em>suae</em></span> <span class='ocrx_word' id='word_1_57' title='bbox 261 1091 369 1169; x_wconf 86' lang='lat' dir='ltr'><em>rabiem</em></span> <span class='ocrx_word' id='word_1_58' title='bbox 380 1092 499 1151; x_wconf 90' lang='lat' dir='ltr'><em>nutricis</em></span> <span class='ocrx_word' id='word_1_59' title='bbox 516 1093 646 1150; x_wconf 89' lang='lat' dir='ltr'><em>alumnus</em></span> <span class='ocrx_word' id='word_1_60' title='bbox 659 1091 768 1150; x_wconf 89' lang='lat' dir='ltr'><em>Latrat</em></span> <span class='ocrx_word' id='word_1_61' title='bbox 778 1099 805 1149; x_wconf 93' lang='lat' dir='ltr'><em>et</em></span> <span class='ocrx_word' id='word_1_62' title='bbox 819 1093 850 1150; x_wconf 92' lang='lat' dir='ltr'><em>in</em></span> <span class='ocrx_word' id='word_1_63' title='bbox 863 1098 915 1150; x_wconf 90' lang='lat' dir='ltr'><em>toto</em></span> <span class='ocrx_word' id='word_1_64' title='bbox 931 1090 1017 1151; x_wconf 87' lang='lat' dir='ltr'><em>uerba</em></span> <span class='ocrx_word' id='word_1_65' title='bbox 1031 1093 1134 1150; x_wconf 80' lang='lat' dir='ltr'><em>canina</em></span> <span class='ocrx_word' id='word_1_66' title='bbox 1143 1093 1225 1170; x_wconf 83' lang='lat' dir='ltr'><em>scira.</em></span> <span class='ocrx_word' id='word_1_67' title='bbox 1267 1090 1332 1150; x_wconf 88' lang='lat' dir='ltr'><em>Nec</em></span> 
     </span>
     <span class='ocr_line' id='line_1_9' title="bbox 180 1171 1332 1254; baseline 0.003 -24"><span class='ocrx_word' id='word_1_68' title='bbox 180 1173 270 1248; x_wconf 86' lang='lat' dir='ltr'><em>longe</em></span> <span class='ocrx_word' id='word_1_69' title='bbox 283 1174 321 1232; x_wconf 90' lang='lat' dir='ltr'><em>ab</em></span> <span class='ocrx_word' id='word_1_70' title='bbox 330 1172 482 1238; x_wconf 89' lang='lat' dir='ltr'><em>Ouidianis</em></span> <span class='ocrx_word' id='word_1_71' title='bbox 494 1174 659 1251; x_wconf 89' lang='lat' dir='ltr'><em>necsemina</em></span> <span class='ocrx_word' id='word_1_72' title='bbox 670 1192 717 1232; x_wconf 91' lang='lat' dir='ltr'><em>nec</em></span> <span class='ocrx_word' id='word_1_73' title='bbox 730 1176 779 1231; x_wconf 93' lang='lat' dir='ltr'><em>ui&#39;r</em></span> <span class='ocrx_word' id='word_1_74' title='bbox 790 1179 823 1231; x_wconf 90' lang='lat' dir='ltr'><em>ut</em></span> <span class='ocrx_word' id='word_1_75' title='bbox 830 1171 909 1232; x_wconf 82' lang='lat' dir='ltr'><em>Atti&#39;s</em></span> <span class='ocrx_word' id='word_1_76' title='bbox 919 1171 1005 1254; x_wconf 82' lang='lat'>(455)</span> <span class='ocrx_word' id='word_1_77' title='bbox 1017 1173 1157 1233; x_wconf 89' lang='lat' dir='ltr'><em>recedunt</em></span> <span class='ocrx_word' id='word_1_78' title='bbox 1166 1173 1255 1231; x_wconf 88' lang='lat' dir='ltr'><em>uerba</em></span> <span class='ocrx_word' id='word_1_79' title='bbox 1265 1171 1332 1233; x_wconf 80' lang='lat' dir='ltr'><em>vat.</em></span> 
     </span>
     <span class='ocr_line' id='line_1_10' title="bbox 181 1254 1332 1332; baseline 0.001 -20"><span class='ocrx_word' id='word_1_80' title='bbox 181 1254 305 1313; x_wconf 82' lang='lat' dir='ltr'><em>Maximi</em></span> <span class='ocrx_word' id='word_1_81' title='bbox 314 1255 358 1320; x_wconf 81' lang='lat' dir='ltr'><em>vii.</em></span> <span class='ocrx_word' id='word_1_82' title='bbox 371 1257 425 1329; x_wconf 85' lang='lat'><em>7.6</em></span> <span class='ocrx_word' id='word_1_83' title='bbox 441 1254 594 1314; x_wconf 73' lang='lat' dir='ltr'><em>Genucium</em></span> <span class='ocrx_word' id='word_1_84' title='bbox 607 1257 759 1330; x_wconf 81' lang='lat' dir='ltr'><em>amputatis</em></span> <span class='ocrx_word' id='word_1_85' title='bbox 768 1256 817 1313; x_wconf 90' lang='lat' dir='ltr'><em>sui</em></span> <span class='ocrx_word' id='word_1_86' title='bbox 827 1256 916 1330; x_wconf 84' lang='lat' dir='ltr'><em>ipsi&#39;iis</em></span> <span class='ocrx_word' id='word_1_87' title='bbox 929 1263 1020 1332; x_wconf 90' lang='lat' dir='ltr'><em>sponte</em></span> <span class='ocrx_word' id='word_1_88' title='bbox 1029 1255 1201 1332; x_wconf 76' lang='lat' dir='ltr'><em>genitalibus</em></span> <span class='ocrx_word' id='word_1_89' title='bbox 1210 1256 1332 1330; x_wconf 87' lang='lat' dir='ltr'><em>corporis</em></span> 
     </span>
     <span class='ocr_line' id='line_1_11' title="bbox 176 1335 1339 1412; baseline 0 -18"><span class='ocrx_word' id='word_1_90' title='bbox 176 1336 316 1412; x_wconf 87' lang='lat' dir='ltr'><em>partibus,</em></span> <span class='ocrx_word' id='word_1_91' title='bbox 340 1353 423 1412; x_wconf 88' lang='lat' dir='ltr'><em>neque</em></span> <span class='ocrx_word' id='word_1_92' title='bbox 450 1339 577 1398; x_wconf 92' lang='lat' dir='ltr'><em>uirorum</em></span> <span class='ocrx_word' id='word_1_93' title='bbox 604 1355 687 1412; x_wconf 91' lang='lat' dir='ltr'><em>nique</em></span> <span class='ocrx_word' id='word_1_94' title='bbox 712 1338 860 1395; x_wconf 73' lang='lat' dir='ltr'><em>mulierum</em></span> <span class='ocrx_word' id='word_1_95' title='bbox 885 1355 996 1396; x_wconf 90' lang='lat' dir='ltr'><em>numero</em></span> <span class='ocrx_word' id='word_1_96' title='bbox 1023 1335 1124 1396; x_wconf 85' lang='lat' dir='ltr'><em>haberi</em></span> <span class='ocrx_word' id='word_1_97' title='bbox 1144 1335 1245 1395; x_wconf 85' lang='lat' dir='ltr'><em>debere.</em></span> <span class='ocrx_word' id='word_1_98' title='bbox 1294 1336 1339 1394; x_wconf 89' lang='lat' dir='ltr'><em>In</em></span> 
     </span>
     <span class='ocr_line' id='line_1_12' title="bbox 181 1416 1332 1494; baseline 0.001 -19"><span class='ocrx_word' id='word_1_99' title='bbox 181 1417 322 1477; x_wconf 84' lang='lat' dir='ltr'><em>Martialis</em></span> <span class='ocrx_word' id='word_1_100' title='bbox 337 1418 553 1494; x_wconf 86' lang='lat' dir='ltr'><em>epigrammatis</em></span> <span class='ocrx_word' id='word_1_101' title='bbox 567 1427 623 1478; x_wconf 88' lang='lat' dir='ltr'><em>tres</em></span> <span class='ocrx_word' id='word_1_102' title='bbox 642 1419 751 1488; x_wconf 87' lang='lat' dir='ltr'><em>locos†</em></span> <span class='ocrx_word' id='word_1_103' title='bbox 767 1417 928 1493; x_wconf 89' lang='lat' dir='ltr'><em>Zingerlius</em></span> <span class='ocrx_word' id='word_1_104' title='bbox 941 1418 1053 1478; x_wconf 87' lang='lat' dir='ltr'><em>notauit</em></span> <span class='ocrx_word' id='word_1_105' title='bbox 1066 1417 1117 1494; x_wconf 89' lang='lat' dir='ltr'><em>qui</em></span> <span class='ocrx_word' id='word_1_106' title='bbox 1131 1416 1169 1476; x_wconf 89' lang='lat' dir='ltr'><em>ad</em></span> <span class='ocrx_word' id='word_1_107' title='bbox 1184 1416 1250 1476; x_wconf 86' lang='lat' dir='ltr'><em>Ibin</em></span> <span class='ocrx_word' id='word_1_108' title='bbox 1265 1436 1332 1494; x_wconf 88' lang='lat' dir='ltr'><em>pro-</em></span> 
     </span>
     <span class='ocr_line' id='line_1_13' title="bbox 181 1498 1332 1578; baseline 0 -21"><span class='ocrx_word' id='word_1_109' title='bbox 181 1498 248 1575; x_wconf 91' lang='lat' dir='ltr'><em>pius</em></span> <span class='ocrx_word' id='word_1_110' title='bbox 267 1500 447 1572; x_wconf 87' lang='lat' dir='ltr'><em>accederent,</em></span> <span class='ocrx_word' id='word_1_111' title='bbox 461 1500 499 1559; x_wconf 86' lang='lat' dir='ltr'><em>xi.</em></span> <span class='ocrx_word' id='word_1_112' title='bbox 515 1502 563 1572; x_wconf 87' lang='lat'><em>84.</em></span> <span class='ocrx_word' id='word_1_113' title='bbox 578 1517 598 1573; x_wconf 87' lang='lat'>4</span> <span class='ocrx_word' id='word_1_114' title='bbox 615 1499 687 1560; x_wconf 87' lang='lat' dir='ltr'><em>Curii</em></span> <span class='ocrx_word' id='word_1_115' title='bbox 696 1501 785 1578; x_wconf 86' lang='lat' dir='ltr'><em>suri&#39;t</em></span> <span class='ocrx_word' id='word_1_116' title='bbox 801 1501 843 1557; x_wconf 85' lang='lat' dir='ltr'><em>ad</em></span> <span class='ocrx_word' id='word_1_117' title='bbox 852 1500 999 1575; x_wconf 79' lang='lat' dir='ltr'><em>Phrygios</em></span> <span class='ocrx_word' id='word_1_118' title='bbox 1018 1500 1113 1558; x_wconf 89' lang='lat' dir='ltr'><em>cntliea</em></span> <span class='ocrx_word' id='word_1_119' title='bbox 1133 1498 1215 1558; x_wconf 87' lang='lat' dir='ltr'><em>turba</em></span> <span class='ocrx_word' id='word_1_120' title='bbox 1233 1500 1332 1572; x_wconf 85' lang='lat' dir='ltr'><em>modos,</em></span> 
     </span>
     <span class='ocr_line' id='line_1_14' title="bbox 181 1579 1332 1658; baseline 0 -19"><span class='ocrx_word' id='word_1_121' title='bbox 181 1579 217 1639; x_wconf 84' lang='lat' dir='ltr'><em>cf.</em></span> <span class='ocrx_word' id='word_1_122' title='bbox 233 1580 277 1648; x_wconf 84' lang='lat' dir='ltr'><em>lb.</em></span> <span class='ocrx_word' id='word_1_123' title='bbox 294 1594 352 1655; x_wconf 90' lang='grc'><em>454</em></span> <span class='ocrx_word' id='word_1_124' title='bbox 366 1580 473 1640; x_wconf 78' lang='lat' dir='ltr'><em>[metat</em></span> <span class='ocrx_word' id='word_1_125' title='bbox 483 1582 525 1639; x_wconf 88' lang='lat' dir='ltr'><em>ad</em></span> <span class='ocrx_word' id='word_1_126' title='bbox 534 1580 678 1658; x_wconf 79' lang='lat' dir='ltr'><em>Phrygios</em></span> <span class='ocrx_word' id='word_1_127' title='bbox 691 1583 763 1639; x_wconf 84' lang='lat' dir='ltr'><em>ui&#39;li‘a</em></span> <span class='ocrx_word' id='word_1_128' title='bbox 776 1580 896 1640; x_wconf 90' lang='lat' dir='ltr'><em>membra</em></span> <span class='ocrx_word' id='word_1_129' title='bbox 910 1583 1023 1649; x_wconf 87' lang='lat' dir='ltr'><em>modos,·</em></span> <span class='ocrx_word' id='word_1_130' title='bbox 1044 1581 1083 1640; x_wconf 85' lang='lat' dir='ltr'><em>xi.</em></span> <span class='ocrx_word' id='word_1_131' title='bbox 1100 1583 1148 1640; x_wconf 85' lang='grc'><em>82.</em></span> <span class='ocrx_word' id='word_1_132' title='bbox 1165 1599 1192 1656; x_wconf 82' lang='grc'><em>3,</em></span> <span class='ocrx_word' id='word_1_133' title='bbox 1208 1598 1225 1653; x_wconf 87' lang='lat'>4</span> <span class='ocrx_word' id='word_1_134' title='bbox 1237 1579 1332 1639; x_wconf 91' lang='lat' dir='ltr'><em>Paene</em></span> 
     </span>
     <span class='ocr_line' id='line_1_15' title="bbox 181 1661 1332 1740; baseline -0.001 -19"><span class='ocrx_word' id='word_1_135' title='bbox 181 1663 306 1721; x_wconf 84' lang='lat' dir='ltr'><em>i&#39;riei&#39;tatus</em></span> <span class='ocrx_word' id='word_1_136' title='bbox 326 1662 384 1721; x_wconf 87' lang='lat' dir='ltr'><em>abit</em></span> <span class='ocrx_word' id='word_1_137' title='bbox 401 1665 492 1721; x_wconf 90' lang='lat' dir='ltr'><em>saeuis</em></span> <span class='ocrx_word' id='word_1_138' title='bbox 505 1661 648 1738; x_wconf 81' lang='lat' dir='ltr'><em>Elpenora</em></span> <span class='ocrx_word' id='word_1_139' title='bbox 656 1665 738 1740; x_wconf 86' lang='lat' dir='ltr'><em>sati&#39;s</em></span> <span class='ocrx_word' id='word_1_140' title='bbox 755 1663 893 1738; x_wconf 83' lang='lat' dir='ltr'><em>Praeceps</em></span> <span class='ocrx_word' id='word_1_141' title='bbox 909 1672 962 1738; x_wconf 91' lang='lat' dir='ltr'><em>per</em></span> <span class='ocrx_word' id='word_1_142' title='bbox 980 1665 1073 1740; x_wconf 85' lang='lat' dir='ltr'><em>longos</em></span> <span class='ocrx_word' id='word_1_143' title='bbox 1088 1664 1154 1720; x_wconf 90' lang='lat' dir='ltr'><em>dum</em></span> <span class='ocrx_word' id='word_1_144' title='bbox 1169 1663 1231 1721; x_wconf 90' lang='lat' dir='ltr'><em>ruit</em></span> <span class='ocrx_word' id='word_1_145' title='bbox 1249 1680 1332 1738; x_wconf 82' lang='lat' dir='ltr'><em>iisque</em></span> 
     </span>
     <span class='ocr_line' id='line_1_16' title="bbox 176 1743 1330 1820; baseline 0.001 -19"><span class='ocrx_word' id='word_1_146' title='bbox 176 1744 298 1819; x_wconf 84' lang='lat' dir='ltr'><em>gradus,</em></span> <span class='ocrx_word' id='word_1_147' title='bbox 314 1744 351 1804; x_wconf 85' lang='lat' dir='ltr'><em>cf.</em></span> <span class='ocrx_word' id='word_1_148' title='bbox 366 1744 410 1803; x_wconf 92' lang='lat' dir='ltr'><em>Ib.</em></span> <span class='ocrx_word' id='word_1_149' title='bbox 422 1749 481 1818; x_wconf 84' lang='lat'><em>485</em></span> <span class='ocrx_word' id='word_1_150' title='bbox 497 1743 576 1804; x_wconf 87' lang='lat' dir='ltr'><em>Neue</em></span> <span class='ocrx_word' id='word_1_151' title='bbox 584 1746 697 1820; x_wconf 87' lang='lat' dir='ltr'><em>gradus</em></span> <span class='ocrx_word' id='word_1_152' title='bbox 709 1745 791 1802; x_wconf 84' lang='lat' dir='ltr'><em>adeas</em></span> <span class='ocrx_word' id='word_1_153' title='bbox 803 1743 941 1819; x_wconf 83' lang='lat' dir='ltr'><em>Elpenore</em></span> <span class='ocrx_word' id='word_1_154' title='bbox 954 1747 1062 1802; x_wconf 84' lang='lat' dir='ltr'><em>cautius</em></span> <span class='ocrx_word' id='word_1_155' title='bbox 1075 1745 1143 1802; x_wconf 88' lang='lat' dir='ltr'><em>altos</em></span> <span class='ocrx_word' id='word_1_156' title='bbox 1151 1765 1167 1814; x_wconf 86' lang='lat'><em>,·</em></span> <span class='ocrx_word' id='word_1_157' title='bbox 1188 1743 1242 1802; x_wconf 87' lang='lat' dir='ltr'><em>viii.</em></span> <span class='ocrx_word' id='word_1_158' title='bbox 1254 1756 1301 1819; x_wconf 87' lang='lat'><em>50.</em></span> <span class='ocrx_word' id='word_1_159' title='bbox 1313 1763 1330 1820; x_wconf 83' lang='lat'><strong>3</strong></span> 
     </span>
     <span class='ocr_line' id='line_1_17' title="bbox 184 1824 1333 1903; baseline 0 -19"><span class='ocrx_word' id='word_1_160' title='bbox 184 1824 247 1896; x_wconf 82' lang='lat' dir='ltr'><em>Oua</em></span> <span class='ocrx_word' id='word_1_161' title='bbox 269 1826 354 1884; x_wconf 91' lang='lat' dir='ltr'><em>bonus</em></span> <span class='ocrx_word' id='word_1_162' title='bbox 373 1827 502 1885; x_wconf 88' lang='lat' dir='ltr'><em>accubuit</em></span> <span class='ocrx_word' id='word_1_163' title='bbox 516 1827 626 1903; x_wconf 88' lang='lat' dir='ltr'><em>genitor</em></span> <span class='ocrx_word' id='word_1_164' title='bbox 645 1845 706 1884; x_wconf 91' lang='lat' dir='ltr'><em>cum</em></span> <span class='ocrx_word' id='word_1_165' title='bbox 721 1826 798 1902; x_wconf 90' lang='lat' dir='ltr'><em>plebe</em></span> <span class='ocrx_word' id='word_1_166' title='bbox 817 1826 927 1885; x_wconf 90' lang='lat' dir='ltr'><em>deorum</em></span> <span class='ocrx_word' id='word_1_167' title='bbox 943 1825 989 1885; x_wconf 76' lang='lat' dir='ltr'><em>Ei</em></span> <span class='ocrx_word' id='word_1_168' title='bbox 1005 1827 1086 1884; x_wconf 92' lang='lat' dir='ltr'><em>licuit</em></span> <span class='ocrx_word' id='word_1_169' title='bbox 1096 1825 1210 1884; x_wconf 82' lang='lat' dir='ltr'><em>Faum&#39;s</em></span> <span class='ocrx_word' id='word_1_170' title='bbox 1224 1835 1333 1902; x_wconf 89' lang='lat' dir='ltr'><em>poscere</em></span> 
     </span>
     <span class='ocr_line' id='line_1_18' title="bbox 181 1903 1332 1987; baseline 0.001 -23"><span class='ocrx_word' id='word_1_171' title='bbox 181 1903 249 1964; x_wconf 87' lang='lat' dir='ltr'><em>uina</em></span> <span class='ocrx_word' id='word_1_172' title='bbox 277 1905 379 1979; x_wconf 88' lang='lat' dir='ltr'><em>Iouem,</em></span> <span class='ocrx_word' id='word_1_173' title='bbox 408 1907 445 1968; x_wconf 88' lang='lat' dir='ltr'><em>cf.</em></span> <span class='ocrx_word' id='word_1_174' title='bbox 473 1906 517 1966; x_wconf 92' lang='lat' dir='ltr'><em>Ib.</em></span> <span class='ocrx_word' id='word_1_175' title='bbox 547 1911 582 1966; x_wconf 89' lang='lat'><em>81</em></span> <span class='ocrx_word' id='word_1_176' title='bbox 622 1908 673 1967; x_wconf 90' lang='lat' dir='ltr'><em>Vos</em></span> <span class='ocrx_word' id='word_1_177' title='bbox 700 1926 802 1984; x_wconf 88' lang='lat' dir='ltr'><em>quoque</em></span> <span class='ocrx_word' id='word_1_178' title='bbox 822 1907 901 1983; x_wconf 84' lang='lat' dir='ltr'><em>plebs</em></span> <span class='ocrx_word' id='word_1_179' title='bbox 928 1918 1056 1984; x_wconf 88' lang='lat' dir='ltr'><em>superum</em></span> <span class='ocrx_word' id='word_1_180' title='bbox 1073 1908 1173 1987; x_wconf 87' lang='lat' dir='ltr'><em>sanni</em></span> <span class='ocrx_word' id='word_1_181' title='bbox 1195 1908 1332 1983; x_wconf 90' lang='lat' dir='ltr'><em>satirique</em></span> 
     </span>
     <span class='ocr_line' id='line_1_19' title="bbox 181 1987 1331 2066; baseline 0 -19"><span class='ocrx_word' id='word_1_182' title='bbox 181 1988 314 2063; x_wconf 86' lang='lat' dir='ltr'><em>laresque.</em></span> <span class='ocrx_word' id='word_1_183' title='bbox 367 1988 482 2061; x_wconf 89' lang='lat' dir='ltr'><em>Quibus</em></span> <span class='ocrx_word' id='word_1_184' title='bbox 510 1989 664 2049; x_wconf 86' lang='lat' dir='ltr'><em>notabilius</em></span> <span class='ocrx_word' id='word_1_185' title='bbox 691 2006 783 2048; x_wconf 87' lang='lat' dir='ltr'><em>unuin</em></span> <span class='ocrx_word' id='word_1_186' title='bbox 811 1989 873 2064; x_wconf 90' lang='lat' dir='ltr'><em>ipse</em></span> <span class='ocrx_word' id='word_1_187' title='bbox 896 1988 1035 2066; x_wconf 85' lang='lat' dir='ltr'><em>deprendi</em></span> <span class='ocrx_word' id='word_1_188' title='bbox 1056 2007 1085 2049; x_wconf 82' lang='lat' dir='ltr'><em>x.</em></span> <span class='ocrx_word' id='word_1_189' title='bbox 1110 2001 1137 2064; x_wconf 87' lang='lat'><em>5,</em></span> <span class='ocrx_word' id='word_1_190' title='bbox 1161 1987 1241 2065; x_wconf 90' lang='lat' dir='ltr'><em>quod</em></span> <span class='ocrx_word' id='word_1_191' title='bbox 1269 1989 1331 2066; x_wconf 91' lang='lat' dir='ltr'><em>epi·</em></span> 
     </span>
     <span class='ocr_line' id='line_1_20' title="bbox 180 2069 1331 2146; baseline 0.001 -19"><span class='ocrx_word' id='word_1_192' title='bbox 180 2087 313 2144; x_wconf 82' lang='lat' dir='ltr'><em>gramma</em></span> <span class='ocrx_word' id='word_1_193' title='bbox 329 2071 360 2128; x_wconf 91' lang='lat' dir='ltr'><em>in</em></span> <span class='ocrx_word' id='word_1_194' title='bbox 379 2070 554 2130; x_wconf 84' lang='lat' dir='ltr'><em>maledicum</em></span> <span class='ocrx_word' id='word_1_195' title='bbox 572 2081 692 2146; x_wconf 90' lang='lat' dir='ltr'><em>poetam</em></span> <span class='ocrx_word' id='word_1_196' title='bbox 713 2070 852 2146; x_wconf 87' lang='lat' dir='ltr'><em>scriptum</em></span> <span class='ocrx_word' id='word_1_197' title='bbox 873 2081 903 2131; x_wconf 89' lang='lat' dir='ltr'><em>et</em></span> <span class='ocrx_word' id='word_1_198' title='bbox 921 2089 958 2130; x_wconf 82' lang='lat' dir='ltr'><em>ex</em></span> <span class='ocrx_word' id='word_1_199' title='bbox 973 2070 1119 2131; x_wconf 86' lang='lat' dir='ltr'><em>Ouidiana</em></span> <span class='ocrx_word' id='word_1_200' title='bbox 1132 2069 1216 2128; x_wconf 89' lang='lat' dir='ltr'><em>Ibide</em></span> <span class='ocrx_word' id='word_1_201' title='bbox 1236 2088 1331 2146; x_wconf 85' lang='lat' dir='ltr'><em>paene</em></span> 
     </span>
     <span class='ocr_line' id='line_1_21' title="bbox 181 2151 1329 2228; baseline 0.001 -20"><span class='ocrx_word' id='word_1_202' title='bbox 181 2169 270 2210; x_wconf 90' lang='lat' dir='ltr'><em>omne</em></span> <span class='ocrx_word' id='word_1_203' title='bbox 285 2151 444 2211; x_wconf 86' lang='lat' dir='ltr'><em>conflatum</em></span> <span class='ocrx_word' id='word_1_204' title='bbox 459 2163 510 2212; x_wconf 89' lang='lat' dir='ltr'><em>est.</em></span> <span class='ocrx_word' id='word_1_205' title='bbox 545 2151 591 2213; x_wconf 86' lang='lat' dir='ltr'><em>cf.</em></span> <span class='ocrx_word' id='word_1_206' title='bbox 608 2172 624 2228; x_wconf 85' lang='lat'><strong>3</strong></span> <span class='ocrx_word' id='word_1_207' title='bbox 640 2151 731 2210; x_wconf 87' lang='lat' dir='ltr'><em>Erret</em></span> <span class='ocrx_word' id='word_1_208' title='bbox 736 2161 790 2228; x_wconf 89' lang='lat' dir='ltr'><em>per</em></span> <span class='ocrx_word' id='word_1_209' title='bbox 803 2153 883 2212; x_wconf 88' lang='lat' dir='ltr'><em>urbes</em></span> <span class='ocrx_word' id='word_1_210' title='bbox 889 2154 987 2228; x_wconf 90' lang='lat' dir='ltr'><em>pontis</em></span> <span class='ocrx_word' id='word_1_211' title='bbox 1000 2153 1072 2212; x_wconf 84' lang='lat' dir='ltr'><em>exul</em></span> <span class='ocrx_word' id='word_1_212' title='bbox 1082 2158 1109 2209; x_wconf 91' lang='lat' dir='ltr'><em>et</em></span> <span class='ocrx_word' id='word_1_213' title='bbox 1119 2152 1196 2224; x_wconf 66' lang='lat' dir='ltr'><em>cliiii}</em></span> <span class='ocrx_word' id='word_1_214' title='bbox 1210 2151 1253 2209; x_wconf 92' lang='lat' dir='ltr'><em>lb.</em></span> <span class='ocrx_word' id='word_1_215' title='bbox 1273 2170 1305 2210; x_wconf 92' lang='lat'><em>11</em></span> <span class='ocrx_word' id='word_1_216' title='bbox 1313 2170 1329 2227; x_wconf 84' lang='lat'>3</span> 
     </span>
     <span class='ocr_line' id='line_1_22' title="bbox 180 2231 1340 2314; baseline -0.002 -24"><span class='ocrx_word' id='word_1_217' title='bbox 180 2231 276 2303; x_wconf 87' lang='lat' dir='ltr'><em>Exul,</em></span> <span class='ocrx_word' id='word_1_218' title='bbox 291 2235 370 2308; x_wconf 88' lang='lat' dir='ltr'><em>inops</em></span> <span class='ocrx_word' id='word_1_219' title='bbox 386 2252 461 2292; x_wconf 90' lang='lat' dir='ltr'><em>erres</em></span> <span class='ocrx_word' id='word_1_220' title='bbox 481 2233 624 2310; x_wconf 88' lang='lat' dir='ltr'><em>alienaque</em></span> <span class='ocrx_word' id='word_1_221' title='bbox 644 2235 745 2292; x_wconf 85' lang='lat' dir='ltr'><em>li&#39;mino</em></span> <span class='ocrx_word' id='word_1_222' title='bbox 766 2235 865 2292; x_wconf 90' lang='lat' dir='ltr'><em>lustres</em></span> <span class='ocrx_word' id='word_1_223' title='bbox 873 2256 887 2304; x_wconf 85' lang='lat'><em>,·</em></span> <span class='ocrx_word' id='word_1_224' title='bbox 918 2254 935 2305; x_wconf 90' lang='lat'>4</span> <span class='ocrx_word' id='word_1_225' title='bbox 951 2232 1080 2309; x_wconf 88' lang='lat' dir='ltr'><em>Interque</em></span> <span class='ocrx_word' id='word_1_226' title='bbox 1099 2252 1199 2292; x_wconf 90' lang='lat' dir='ltr'><em>raucos</em></span> <span class='ocrx_word' id='word_1_227' title='bbox 1217 2234 1340 2314; x_wconf 76' lang='lat' dir='ltr'><em>alamus:</em></span> 
     </span>
     <span class='ocr_line' id='line_1_23' title="bbox 180 2313 1331 2392; baseline 0.003 -22"><span class='ocrx_word' id='word_1_228' title='bbox 180 2321 322 2390; x_wconf 83' lang='lat' dir='ltr'><em>rogatores</em></span> <span class='ocrx_word' id='word_1_229' title='bbox 339 2313 409 2373; x_wconf 90' lang='lat' dir='ltr'><em>Oret</em></span> <span class='ocrx_word' id='word_1_230' title='bbox 419 2317 537 2374; x_wconf 91' lang='lat' dir='ltr'><em>caninos</em></span> <span class='ocrx_word' id='word_1_231' title='bbox 552 2317 638 2389; x_wconf 90' lang='lat' dir='ltr'><em>panis</em></span> <span class='ocrx_word' id='word_1_232' title='bbox 652 2314 765 2391; x_wconf 86' lang='lat' dir='ltr'><em>inprobi</em></span> <span class='ocrx_word' id='word_1_233' title='bbox 779 2317 884 2387; x_wconf 60' lang='lat' dir='ltr'><em>meas,</em></span> <span class='ocrx_word' id='word_1_234' title='bbox 899 2315 943 2375; x_wconf 90' lang='lat' dir='ltr'><em>Ib.</em></span> <span class='ocrx_word' id='word_1_235' title='bbox 962 2333 1018 2387; x_wconf 90' lang='lat'><em>114</em></span> <span class='ocrx_word' id='word_1_236' title='bbox 1033 2313 1237 2392; x_wconf 76' lang='lat' dir='ltr'><em>Exiguumque</em></span> <span class='ocrx_word' id='word_1_237' title='bbox 1252 2322 1331 2390; x_wconf 88' lang='lat' dir='ltr'><em>petas</em></span> 
     </span>
     <span class='ocr_line' id='line_1_24' title="bbox 180 2395 1329 2475; baseline 0.002 -23"><span class='ocrx_word' id='word_1_238' title='bbox 180 2413 226 2453; x_wconf 88' lang='lat' dir='ltr'><em>are</em></span> <span class='ocrx_word' id='word_1_239' title='bbox 247 2403 372 2454; x_wconf 89' lang='lat' dir='ltr'><em>tremente</em></span> <span class='ocrx_word' id='word_1_240' title='bbox 392 2397 490 2468; x_wconf 89' lang='lat' dir='ltr'><em>cibum,</em></span> <span class='ocrx_word' id='word_1_241' title='bbox 513 2411 571 2470; x_wconf 80' lang='lat'><em>417</em></span> <span class='ocrx_word' id='word_1_242' title='bbox 598 2395 698 2468; x_wconf 85' lang='lat' dir='ltr'><em>Qualis</em></span> <span class='ocrx_word' id='word_1_243' title='bbox 721 2404 785 2454; x_wconf 90' lang='lat' dir='ltr'><em>erat</em></span> <span class='ocrx_word' id='word_1_244' title='bbox 810 2417 857 2455; x_wconf 88' lang='lat' dir='ltr'><em>nee</em></span> <span class='ocrx_word' id='word_1_245' title='bbox 884 2415 938 2454; x_wconf 94' lang='lat' dir='ltr'><em>non</em></span> <span class='ocrx_word' id='word_1_246' title='bbox 954 2398 1080 2475; x_wconf 84' lang='lat' dir='ltr'><em>fortuna</em></span> <span class='ocrx_word' id='word_1_247' title='bbox 1103 2395 1249 2454; x_wconf 85' lang='lat' dir='ltr'><em>binominis</em></span> <span class='ocrx_word' id='word_1_248' title='bbox 1271 2395 1329 2467; x_wconf 91' lang='lat' dir='ltr'><em>Iri,</em></span> 
     </span>
     <span class='ocr_line' id='line_1_25' title="bbox 184 2474 1337 2555; baseline 0.001 -22"><span class='ocrx_word' id='word_1_249' title='bbox 184 2474 290 2553; x_wconf 85' lang='lat' dir='ltr'><em>Quique</em></span> <span class='ocrx_word' id='word_1_250' title='bbox 299 2485 388 2536; x_wconf 83' lang='lat' dir='ltr'><em>tenant</em></span> <span class='ocrx_word' id='word_1_251' title='bbox 392 2486 510 2554; x_wconf 88' lang='lat' dir='ltr'><em>pontem,</em></span> <span class='ocrx_word' id='word_1_252' title='bbox 521 2479 572 2554; x_wconf 89' lang='lat' dir='ltr'><em>qui</em></span> <span class='ocrx_word' id='word_1_253' title='bbox 582 2478 636 2537; x_wconf 90' lang='lat' dir='ltr'><em>tibi</em></span> <span class='ocrx_word' id='word_1_254' title='bbox 647 2480 738 2537; x_wconf 87' lang='lat' dir='ltr'><em>maior</em></span> <span class='ocrx_word' id='word_1_255' title='bbox 747 2481 824 2547; x_wconf 84' lang='lat' dir='ltr'><em>erit,·</em></span> <span class='ocrx_word' id='word_1_256' title='bbox 843 2485 860 2537; x_wconf 92' lang='lat'>8</span> <span class='ocrx_word' id='word_1_257' title='bbox 878 2479 955 2537; x_wconf 87' lang='lat' dir='ltr'><em>Vocet</em></span> <span class='ocrx_word' id='word_1_258' title='bbox 966 2479 1052 2537; x_wconf 90' lang='lat' dir='ltr'><em>beatos</em></span> <span class='ocrx_word' id='word_1_259' title='bbox 1062 2477 1230 2552; x_wconf 79' lang='lat' dir='ltr'><em>clamitetque</em></span> <span class='ocrx_word' id='word_1_260' title='bbox 1227 2478 1337 2555; x_wconf 83' lang='lat' dir='ltr'><em>felices</em></span> 
     </span>
     <span class='ocr_line' id='line_1_26' title="bbox 182 2557 1337 2636; baseline 0.002 -21"><span class='ocrx_word' id='word_1_261' title='bbox 182 2557 339 2618; x_wconf 82' lang='lat' dir='ltr'><em>Orciniana</em></span> <span class='ocrx_word' id='word_1_262' title='bbox 352 2562 403 2636; x_wconf 89' lang='lat' dir='ltr'><em>qui</em></span> <span class='ocrx_word' id='word_1_263' title='bbox 409 2558 553 2635; x_wconf 85' lang='lat' dir='ltr'><em>seruntur</em></span> <span class='ocrx_word' id='word_1_264' title='bbox 566 2562 597 2618; x_wconf 92' lang='lat' dir='ltr'><em>iii</em></span> <span class='ocrx_word' id='word_1_265' title='bbox 610 2561 720 2636; x_wconf 79' lang='lat' dir='ltr'><em>sponda,</em></span> <span class='ocrx_word' id='word_1_266' title='bbox 736 2559 781 2618; x_wconf 91' lang='lat' dir='ltr'><em>Ib.</em></span> <span class='ocrx_word' id='word_1_267' title='bbox 799 2579 834 2617; x_wconf 86' lang='lat'><em>12</em></span> <span class='ocrx_word' id='word_1_268' title='bbox 839 2579 856 2636; x_wconf 80' lang='lat'>3</span> <span class='ocrx_word' id='word_1_269' title='bbox 874 2559 1021 2636; x_wconf 90' lang='lat' dir='ltr'><em>Causaque</em></span> <span class='ocrx_word' id='word_1_270' title='bbox 1039 2577 1092 2617; x_wconf 89' lang='lat' dir='ltr'><em>non</em></span> <span class='ocrx_word' id='word_1_271' title='bbox 1106 2559 1182 2628; x_wconf 87' lang='lat' dir='ltr'><em>desit,</em></span> <span class='ocrx_word' id='word_1_272' title='bbox 1196 2559 1267 2616; x_wconf 84' lang='lat' dir='ltr'><em>desit</em></span> <span class='ocrx_word' id='word_1_273' title='bbox 1278 2558 1337 2617; x_wconf 88' lang='lat' dir='ltr'><em>tibi</em></span> 
     </span>
     <span class='ocr_line' id='line_1_27' title="bbox 179 2639 1336 2718; baseline 0 -21"><span class='ocrx_word' id='word_1_274' title='bbox 179 2641 256 2714; x_wconf 91' lang='lat' dir='ltr'><em>copia</em></span> <span class='ocrx_word' id='word_1_275' title='bbox 277 2644 382 2712; x_wconf 84' lang='lat' dir='ltr'><em>mortis,</em></span> <span class='ocrx_word' id='word_1_276' title='bbox 401 2640 528 2717; x_wconf 88' lang='lat' dir='ltr'><em>Optatam</em></span> <span class='ocrx_word' id='word_1_277' title='bbox 537 2641 645 2718; x_wconf 79' lang='lat' dir='ltr'><em>fugiat</em></span> <span class='ocrx_word' id='word_1_278' title='bbox 663 2643 723 2699; x_wconf 92' lang='lat' dir='ltr'><em>uita</em></span> <span class='ocrx_word' id='word_1_279' title='bbox 743 2648 835 2699; x_wconf 88' lang='lat' dir='ltr'><em>coacta</em></span> <span class='ocrx_word' id='word_1_280' title='bbox 856 2661 967 2711; x_wconf 87' lang='lat' dir='ltr'><em>necem,·</em></span> <span class='ocrx_word' id='word_1_281' title='bbox 992 2659 1030 2700; x_wconf 86' lang='lat' dir='ltr'><em>io</em></span> <span class='ocrx_word' id='word_1_282' title='bbox 1047 2639 1091 2698; x_wconf 79' lang='lat' dir='ltr'><em>Ae</em></span> <span class='ocrx_word' id='word_1_283' title='bbox 1107 2659 1168 2698; x_wconf 87' lang='lat' dir='ltr'><em>cuin</em></span> <span class='ocrx_word' id='word_1_284' title='bbox 1189 2650 1336 2715; x_wconf 85' lang='lat' dir='ltr'><em>supremae.</em></span> 
     </span>
     <span class='ocr_line' id='line_1_28' title="bbox 172 2721 1336 2798; baseline 0.002 -20"><span class='ocrx_word' id='word_1_285' title='bbox 172 2722 231 2798; x_wconf 76' lang='lat' dir='ltr'><em>pila</em></span> <span class='ocrx_word' id='word_1_286' title='bbox 252 2725 378 2781; x_wconf 88' lang='lat' dir='ltr'><em>uenerint</em></span> <span class='ocrx_word' id='word_1_287' title='bbox 395 2723 479 2782; x_wconf 83' lang='lat' dir='ltr'><em>horae</em></span> <span class='ocrx_word' id='word_1_288' title='bbox 495 2722 616 2798; x_wconf 85' lang='lat' dir='ltr'><em>Diesque</em></span> <span class='ocrx_word' id='word_1_289' title='bbox 635 2724 741 2794; x_wconf 85' lang='lat' dir='ltr'><em>tardus,</em></span> <span class='ocrx_word' id='word_1_290' title='bbox 756 2725 859 2780; x_wconf 83' lang='lat' dir='ltr'><em>sentiat</em></span> <span class='ocrx_word' id='word_1_291' title='bbox 876 2742 975 2782; x_wconf 88' lang='lat' dir='ltr'><em>canum</em></span> <span class='ocrx_word' id='word_1_292' title='bbox 995 2724 1068 2782; x_wconf 91' lang='lat' dir='ltr'><em>litem</em></span> <span class='ocrx_word' id='word_1_293' title='bbox 1086 2721 1242 2798; x_wconf 78' lang='lat' dir='ltr'><em>Abigatque</em></span> <span class='ocrx_word' id='word_1_294' title='bbox 1261 2730 1336 2781; x_wconf 77' lang='lat' dir='ltr'><em>niatu</em></span> 
     </span>
     <span class='ocr_line' id='line_1_29' title="bbox 179 2803 1337 2883; baseline -0.003 -21"><span class='ocrx_word' id='word_1_295' title='bbox 179 2805 285 2862; x_wconf 85' lang='lat' dir='ltr'><em>noxias</em></span> <span class='ocrx_word' id='word_1_296' title='bbox 299 2823 364 2863; x_wconf 89' lang='lat' dir='ltr'><em>aues</em></span> <span class='ocrx_word' id='word_1_297' title='bbox 373 2814 475 2880; x_wconf 92' lang='lat' dir='ltr'><em>panno,</em></span> <span class='ocrx_word' id='word_1_298' title='bbox 490 2804 534 2864; x_wconf 92' lang='lat' dir='ltr'><em>Ib.</em></span> <span class='ocrx_word' id='word_1_299' title='bbox 547 2806 601 2862; x_wconf 89' lang='lat'><em>161</em></span> <span class='ocrx_word' id='word_1_300' title='bbox 615 2804 677 2863; x_wconf 74' lang='lat' dir='ltr'><em>ini</em></span> <span class='ocrx_word' id='word_1_301' title='bbox 690 2805 877 2882; x_wconf 86' lang='lat' dir='ltr'><em>ui&#39;uussuriis</em></span> <span class='ocrx_word' id='word_1_302' title='bbox 891 2805 1038 2883; x_wconf 76' lang='lat' dir='ltr'><em>agitabere,</em></span> <span class='ocrx_word' id='word_1_303' title='bbox 1052 2810 1177 2862; x_wconf 89' lang='lat' dir='ltr'><em>mortuus</em></span> <span class='ocrx_word' id='word_1_304' title='bbox 1191 2803 1273 2862; x_wconf 89' lang='lat' dir='ltr'><em>isdem</em></span> <span class='ocrx_word' id='word_1_305' title='bbox 1287 2803 1337 2862; x_wconf 83' lang='lat' dir='ltr'><em>Ei..</em></span> 
     </span>
     <span class='ocr_line' id='line_1_30' title="bbox 178 2884 1337 2965; baseline -0.001 -22"><span class='ocrx_word' id='word_1_306' title='bbox 178 2884 290 2944; x_wconf 85' lang='lat' dir='ltr'><em>breuior</em></span> <span class='ocrx_word' id='word_1_307' title='bbox 296 2896 387 2961; x_wconf 89' lang='lat' dir='ltr'><em>poeno</em></span> <span class='ocrx_word' id='word_1_308' title='bbox 401 2888 584 2965; x_wconf 71' lang='lat' dir='ltr'><em>uitaJutura</em></span> <span class='ocrx_word' id='word_1_309' title='bbox 601 2893 651 2946; x_wconf 91' lang='lat' dir='ltr'><em>tua</em></span> <span class='ocrx_word' id='word_1_310' title='bbox 668 2892 715 2946; x_wconf 89' lang='lat' dir='ltr'><em>est.</em></span> <span class='ocrx_word' id='word_1_311' title='bbox 757 2885 817 2946; x_wconf 88' lang='lat' dir='ltr'><em>Nec</em></span> <span class='ocrx_word' id='word_1_312' title='bbox 831 2887 884 2945; x_wconf 91' lang='lat' dir='ltr'><em>tibi</em></span> <span class='ocrx_word' id='word_1_313' title='bbox 893 2888 1028 2962; x_wconf 80' lang='lat' dir='ltr'><em>conbnget</em></span> <span class='ocrx_word' id='word_1_314' title='bbox 1034 2886 1133 2963; x_wconf 92' lang='lat' dir='ltr'><em>sunus</em></span> <span class='ocrx_word' id='word_1_315' title='bbox 1146 2887 1337 2962; x_wconf 82' lang='lat' dir='ltr'><em>lacrimaeque.</em></span> 
     </span>
     <span class='ocr_line' id='line_1_31' title="bbox 177 2965 1335 3045; baseline -0.001 -21"><span class='ocrx_word' id='word_1_316' title='bbox 177 2973 288 3025; x_wconf 91' lang='lat' dir='ltr'><em>tuorum</em></span> <span class='ocrx_word' id='word_1_317' title='bbox 303 3010 349 3027; x_wconf 86' lang='lat'><em>...</em></span> <span class='ocrx_word' id='word_1_318' title='bbox 371 2967 513 3045; x_wconf 84' lang='lat' dir='ltr'><em>Vngnibus</em></span> <span class='ocrx_word' id='word_1_319' title='bbox 525 2975 552 3026; x_wconf 90' lang='lat' dir='ltr'><em>et</em></span> <span class='ocrx_word' id='word_1_320' title='bbox 562 2974 653 3027; x_wconf 89' lang='lat' dir='ltr'><em>rostro</em></span> <span class='ocrx_word' id='word_1_321' title='bbox 666 2969 764 3027; x_wconf 88' lang='lat' dir='ltr'><em>tardus</em></span> <span class='ocrx_word' id='word_1_322' title='bbox 779 2969 872 3026; x_wconf 81' lang='lat' dir='ltr'><em>trahet</em></span> <span class='ocrx_word' id='word_1_323' title='bbox 883 2970 935 3026; x_wconf 91' lang='lat' dir='ltr'><em>ilia</em></span> <span class='ocrx_word' id='word_1_324' title='bbox 949 2969 1048 3026; x_wconf 90' lang='lat' dir='ltr'><em>uultur</em></span> <span class='ocrx_word' id='word_1_325' title='bbox 1061 2965 1106 3025; x_wconf 86' lang='lat' dir='ltr'><em>Et</em></span> <span class='ocrx_word' id='word_1_326' title='bbox 1116 2968 1239 3026; x_wconf 82' lang='lat' dir='ltr'><em>scindent</em></span> <span class='ocrx_word' id='word_1_327' title='bbox 1250 2968 1335 3025; x_wconf 85' lang='lat' dir='ltr'><em>auidi</em></span> 
     </span>
     <span class='ocr_line' id='line_1_32' title="bbox 103 3048 1329 3127; baseline 0.002 -22"><span class='ocrx_word' id='word_1_328' title='bbox 103 3086 106 3090; x_wconf 92' lang='lat'><em>-</em></span> <span class='ocrx_word' id='word_1_329' title='bbox 172 3049 285 3124; x_wconf 83' lang='lat' dir='ltr'><em>perfida</em></span> <span class='ocrx_word' id='word_1_330' title='bbox 297 3051 382 3107; x_wconf 87' lang='lat' dir='ltr'><em>corda</em></span> <span class='ocrx_word' id='word_1_331' title='bbox 395 3069 482 3109; x_wconf 90' lang='lat' dir='ltr'><em>canes.</em></span> <span class='ocrx_word' id='word_1_332' title='bbox 524 3048 660 3125; x_wconf 87' lang='lat' dir='ltr'><em>Denique</em></span> <span class='ocrx_word' id='word_1_333' title='bbox 678 3067 726 3108; x_wconf 91' lang='lat' dir='ltr'><em>uu.</em></span> <span class='ocrx_word' id='word_1_334' title='bbox 745 3062 840 3124; x_wconf 83' lang='lat'>13-17</span> <span class='ocrx_word' id='word_1_335' title='bbox 857 3049 918 3110; x_wconf 90' lang='lat' dir='ltr'><em>Nec</em></span> <span class='ocrx_word' id='word_1_336' title='bbox 931 3051 1078 3127; x_wconf 76' lang='lat' dir='ltr'><em>finiantur</em></span> <span class='ocrx_word' id='word_1_337' title='bbox 1094 3055 1177 3108; x_wconf 89' lang='lat' dir='ltr'><em>morte</em></span> <span class='ocrx_word' id='word_1_338' title='bbox 1193 3050 1329 3124; x_wconf 88' lang='lat' dir='ltr'><em>simplices</em></span> 
     </span>
     <span class='ocr_line' id='line_1_33' title="bbox 170 3129 1332 3206; baseline -0.001 -17"><span class='ocrx_word' id='word_1_339' title='bbox 170 3139 282 3204; x_wconf 59' lang='lat' dir='ltr'><em>poenae</em></span> <span class='ocrx_word' id='word_1_340' title='bbox 297 3129 356 3189; x_wconf 84' lang='lat' dir='ltr'><em>Seo&#39;</em></span> <span class='ocrx_word' id='word_1_341' title='bbox 370 3132 446 3189; x_wconf 88' lang='lat' dir='ltr'><em>modo</em></span> <span class='ocrx_word' id='word_1_342' title='bbox 465 3132 557 3189; x_wconf 87' lang='lat' dir='ltr'><em>seueri</em></span> <span class='ocrx_word' id='word_1_343' title='bbox 570 3137 656 3188; x_wconf 84' lang='lat' dir='ltr'><em>sectus</em></span> <span class='ocrx_word' id='word_1_344' title='bbox 670 3131 761 3189; x_wconf 84' lang='lat' dir='ltr'><em>Aeaci</em></span> <span class='ocrx_word' id='word_1_345' title='bbox 778 3132 856 3202; x_wconf 87' lang='lat' dir='ltr'><em>lori&#39;s,</em></span> <span class='ocrx_word' id='word_1_346' title='bbox 872 3131 960 3191; x_wconf 89' lang='lat' dir='ltr'><em>Nunc</em></span> <span class='ocrx_word' id='word_1_347' title='bbox 979 3133 1098 3206; x_wconf 88' lang='lat' dir='ltr'><em>inquieti</em></span> <span class='ocrx_word' id='word_1_348' title='bbox 1111 3137 1197 3188; x_wconf 89' lang='lat' dir='ltr'><em>monte</em></span> <span class='ocrx_word' id='word_1_349' title='bbox 1211 3129 1332 3206; x_wconf 74' lang='lat' dir='ltr'><em>Sisiplii</em></span> 
     </span>
     <span class='ocr_line' id='line_1_34' title="bbox 172 3211 1335 3289; baseline 0.001 -19"><span class='ocrx_word' id='word_1_350' title='bbox 172 3221 296 3286; x_wconf 82' lang='lat' dir='ltr'><em>pressus,</em></span> <span class='ocrx_word' id='word_1_351' title='bbox 310 3211 398 3272; x_wconf 89' lang='lat' dir='ltr'><em>Nunc</em></span> <span class='ocrx_word' id='word_1_352' title='bbox 419 3215 491 3271; x_wconf 90' lang='lat' dir='ltr'><em>inter</em></span> <span class='ocrx_word' id='word_1_353' title='bbox 511 3213 601 3271; x_wconf 87' lang='lat' dir='ltr'><em>undas</em></span> <span class='ocrx_word' id='word_1_354' title='bbox 616 3211 740 3288; x_wconf 87' lang='lat' dir='ltr'><em>garruli</em></span> <span class='ocrx_word' id='word_1_355' title='bbox 755 3215 829 3270; x_wconf 79' lang='lat' dir='ltr'><em>senis</em></span> <span class='ocrx_word' id='word_1_356' title='bbox 849 3215 945 3286; x_wconf 83' lang='lat' dir='ltr'><em>si&#39;ccus,</em></span> <span class='ocrx_word' id='word_1_357' title='bbox 959 3212 1089 3271; x_wconf 86' lang='lat' dir='ltr'><em>Delasset</em></span> <span class='ocrx_word' id='word_1_358' title='bbox 1107 3231 1195 3271; x_wconf 90' lang='lat' dir='ltr'><em>omnes</em></span> <span class='ocrx_word' id='word_1_359' title='bbox 1204 3212 1335 3289; x_wconf 75' lang='lat' dir='ltr'><em>stabulas</em></span> 
     </span>
     <span class='ocr_line' id='line_1_35' title="bbox 171 3293 1329 3370; baseline 0.001 -19"><span class='ocrx_word' id='word_1_360' title='bbox 171 3299 317 3368; x_wconf 88' lang='lat' dir='ltr'><em>poetarum</em></span> <span class='ocrx_word' id='word_1_361' title='bbox 332 3295 473 3354; x_wconf 83' lang='lat' dir='ltr'><em>contraxit</em></span> <span class='ocrx_word' id='word_1_362' title='bbox 488 3313 524 3353; x_wconf 86' lang='lat' dir='ltr'><em>ex</em></span> <span class='ocrx_word' id='word_1_363' title='bbox 539 3293 582 3352; x_wconf 92' lang='lat' dir='ltr'><em>Ib.</em></span> <span class='ocrx_word' id='word_1_364' title='bbox 599 3307 655 3368; x_wconf 85' lang='lat'><em>195</em></span> <span class='ocrx_word' id='word_1_365' title='bbox 670 3293 731 3354; x_wconf 88' lang='lat' dir='ltr'><em>Nec</em></span> <span class='ocrx_word' id='word_1_366' title='bbox 744 3295 842 3352; x_wconf 89' lang='lat' dir='ltr'><em>mortis</em></span> <span class='ocrx_word' id='word_1_367' title='bbox 851 3305 952 3370; x_wconf 89' lang='lat' dir='ltr'><em>poenas</em></span> <span class='ocrx_word' id='word_1_368' title='bbox 965 3312 1039 3352; x_wconf 92' lang='lat' dir='ltr'><em>mors</em></span> <span class='ocrx_word' id='word_1_369' title='bbox 1052 3295 1141 3353; x_wconf 88' lang='lat' dir='ltr'><em>altero</em></span> <span class='ocrx_word' id='word_1_370' title='bbox 1154 3295 1234 3367; x_wconf 86' lang='lat' dir='ltr'><em>fini&#39;et</em></span> <span class='ocrx_word' id='word_1_371' title='bbox 1245 3293 1329 3352; x_wconf 80' lang='lat' dir='ltr'><em>liuius</em></span> 
     </span>
     <span class='ocr_line' id='line_1_36' title="bbox 177 3374 728 3451; baseline 0 -18"><span class='ocrx_word' id='word_1_372' title='bbox 177 3384 206 3433; x_wconf 86' lang='lat' dir='ltr'><em>et</em></span> <span class='ocrx_word' id='word_1_373' title='bbox 224 3389 362 3449; x_wconf 86' lang='lat'><strong>175-194</strong></span> <span class='ocrx_word' id='word_1_374' title='bbox 377 3374 516 3451; x_wconf 79' lang='lat' dir='ltr'><em>Sisyphus</em></span> <span class='ocrx_word' id='word_1_375' title='bbox 529 3377 641 3434; x_wconf 88' lang='lat' dir='ltr'><em>estillic</em></span> <span class='ocrx_word' id='word_1_376' title='bbox 654 3381 728 3433; x_wconf 80' lang='grc' dir='ltr'><strong>κ.τ.λ.</strong></span> 
     </span>
    </p>

    <p class='ocr_par' dir='ltr' id='par_1_4' title="bbox 177 3455 1334 3698">
     <span class='ocr_line' id='line_1_37' title="bbox 220 3455 1331 3534; baseline 0 -20"><span class='ocrx_word' id='word_1_377' title='bbox 220 3455 394 3532; x_wconf 82' lang='lat' dir='ltr'><em>Saluagnius</em></span> <span class='ocrx_word' id='word_1_378' title='bbox 421 3457 508 3516; x_wconf 87' lang='lat' dir='ltr'><em>etiam</em></span> <span class='ocrx_word' id='word_1_379' title='bbox 536 3475 573 3516; x_wconf 87' lang='lat' dir='ltr'><em>ex</em></span> <span class='ocrx_word' id='word_1_380' title='bbox 595 3456 694 3516; x_wconf 86' lang='lat' dir='ltr'><em>Pacati</em></span> <span class='ocrx_word' id='word_1_381' title='bbox 714 3458 894 3534; x_wconf 81' lang='lat' dir='ltr'><em>Panegyrico</em></span> <span class='ocrx_word' id='word_1_382' title='bbox 917 3456 1079 3517; x_wconf 91' lang='lat' dir='ltr'><em>Theodosii</em></span> <span class='ocrx_word' id='word_1_383' title='bbox 1107 3458 1206 3516; x_wconf 87' lang='lat' dir='ltr'><em>locum</em></span> <span class='ocrx_word' id='word_1_384' title='bbox 1231 3456 1331 3516; x_wconf 61' lang='lat' dir='ltr'><em>citauit:</em></span> 
     </span>
     <span class='ocr_line' id='line_1_38' title="bbox 177 3538 1334 3615; baseline 0.001 -20"><span class='ocrx_word' id='word_1_385' title='bbox 177 3555 266 3613; x_wconf 89' lang='lat' dir='ltr'><em>quem</em></span> <span class='ocrx_word' id='word_1_386' title='bbox 281 3557 318 3597; x_wconf 87' lang='lat' dir='ltr'><em>ex</em></span> <span class='ocrx_word' id='word_1_387' title='bbox 333 3538 416 3597; x_wconf 86' lang='lat' dir='ltr'><em>ibide</em></span> <span class='ocrx_word' id='word_1_388' title='bbox 431 3538 550 3598; x_wconf 91' lang='lat' dir='ltr'><em>ductum</em></span> <span class='ocrx_word' id='word_1_389' title='bbox 564 3539 700 3615; x_wconf 88' lang='lat' dir='ltr'><em>opinatus</em></span> <span class='ocrx_word' id='word_1_390' title='bbox 715 3540 752 3598; x_wconf 89' lang='lat' dir='ltr'><em>sit</em></span> <span class='ocrx_word' id='word_1_391' title='bbox 766 3557 791 3599; x_wconf 93' lang='lat' dir='ltr'><em>c.</em></span> <span class='ocrx_word' id='word_1_392' title='bbox 804 3558 840 3612; x_wconf 89' lang='grc'><em>42</em></span> <span class='ocrx_word' id='word_1_393' title='bbox 853 3539 929 3599; x_wconf 88' lang='lat' dir='ltr'><em>Nisi</em></span> <span class='ocrx_word' id='word_1_394' title='bbox 939 3558 1003 3598; x_wconf 89' lang='lat' dir='ltr'><em>uero</em></span> <span class='ocrx_word' id='word_1_395' title='bbox 1017 3546 1048 3596; x_wconf 89' lang='lat' dir='ltr'><em>tn</em></span> <span class='ocrx_word' id='word_1_396' title='bbox 1061 3546 1147 3610; x_wconf 87' lang='lat' dir='ltr'><em>tuum,</em></span> <span class='ocrx_word' id='word_1_397' title='bbox 1161 3539 1334 3597; x_wconf 83' lang='lat' dir='ltr'><em>uenerabilis</em></span> 
     </span>
     <span class='ocr_line' id='line_1_39' title="bbox 181 3617 1328 3698; baseline -0.001 -20"><span class='ocrx_word' id='word_1_398' title='bbox 181 3617 328 3690; x_wconf 74' lang='lat' dir='ltr'><em>Graiium,</em></span> <span class='ocrx_word' id='word_1_399' title='bbox 352 3621 510 3696; x_wconf 78' lang='lat' dir='ltr'><em>carnificem</em></span> <span class='ocrx_word' id='word_1_400' title='bbox 525 3621 627 3698; x_wconf 86' lang='lat' dir='ltr'><em>furiis</em></span> <span class='ocrx_word' id='word_1_401' title='bbox 647 3623 791 3679; x_wconf 78' lang='lat' dir='ltr'><em>cunctatus</em></span> <span class='ocrx_word' id='word_1_402' title='bbox 818 3620 965 3679; x_wconf 89' lang='lat' dir='ltr'><em>ultricibus</em></span> <span class='ocrx_word' id='word_1_403' title='bbox 989 3619 1125 3679; x_wconf 88' lang='lat' dir='ltr'><em>obsidebas</em></span> <span class='ocrx_word' id='word_1_404' title='bbox 1146 3626 1176 3677; x_wconf 70' lang='lat' dir='ltr'><em>&#39;et</em></span> <span class='ocrx_word' id='word_1_405' title='bbox 1195 3621 1272 3678; x_wconf 92' lang='lat' dir='ltr'><em>irata</em></span> <span class='ocrx_word' id='word_1_406' title='bbox 1295 3637 1328 3677; x_wconf 87' lang='lat' dir='ltr'><em>ac</em></span> 
     </span>
    </p>
   </div>
   <div class='ocr_carea' id='block_1_3' title="bbox 175 3698 1437 4276">
    <p class='ocr_par' dir='ltr' id='par_1_5' title="bbox 175 3698 1437 4276">
     <span class='ocr_line' id='line_1_40' title="bbox 178 3698 1327 3780; baseline 0.001 -22"><span class='ocrx_word' id='word_1_407' title='bbox 178 3699 256 3779; x_wconf 76' lang='lat' dir='ltr'><em>(add.</em></span> <span class='ocrx_word' id='word_1_408' title='bbox 273 3698 461 3780; x_wconf 87' lang='lat' dir='ltr'><em>Behrensius)</em></span> <span class='ocrx_word' id='word_1_409' title='bbox 476 3703 580 3762; x_wconf 82' lang='lat' dir='ltr'><em>minax</em></span> <span class='ocrx_word' id='word_1_410' title='bbox 600 3702 699 3761; x_wconf 90' lang='lat' dir='ltr'><em>umbro</em></span> <span class='ocrx_word' id='word_1_411' title='bbox 717 3702 749 3761; x_wconf 91' lang='lat' dir='ltr'><em>ab</em></span> <span class='ocrx_word' id='word_1_412' title='bbox 764 3721 794 3760; x_wconf 89' lang='lat' dir='ltr'><em>os</em></span> <span class='ocrx_word' id='word_1_413' title='bbox 813 3705 872 3760; x_wconf 89' lang='lat' dir='ltr'><em>eius</em></span> <span class='ocrx_word' id='word_1_414' title='bbox 890 3701 1028 3776; x_wconf 88' lang='lat' dir='ltr'><em>oculosque</em></span> <span class='ocrx_word' id='word_1_415' title='bbox 1035 3701 1186 3778; x_wconf 86' lang='lat' dir='ltr'><em>fumantes</em></span> <span class='ocrx_word' id='word_1_416' title='bbox 1207 3703 1327 3778; x_wconf 83' lang='lat' dir='ltr'><em>infernis</em></span> 
     </span>
     <span class='ocr_line' id='line_1_41' title="bbox 177 3781 1325 3860; baseline 0 -21"><span class='ocrx_word' id='word_1_417' title='bbox 177 3783 290 3857; x_wconf 77' lang='lat' dir='ltr'><em>ignibus</em></span> <span class='ocrx_word' id='word_1_418' title='bbox 316 3784 410 3842; x_wconf 89' lang='lat' dir='ltr'><em>taedas</em></span> <span class='ocrx_word' id='word_1_419' title='bbox 436 3790 463 3840; x_wconf 90' lang='lat' dir='ltr'><em>et</em></span> <span class='ocrx_word' id='word_1_420' title='bbox 492 3785 657 3859; x_wconf 84' lang='lat' dir='ltr'><em>crepitantia</em></span> <span class='ocrx_word' id='word_1_421' title='bbox 684 3790 753 3842; x_wconf 92' lang='lat' dir='ltr'><em>torto</em></span> <span class='ocrx_word' id='word_1_422' title='bbox 781 3802 873 3860; x_wconf 88' lang='lat' dir='ltr'><em>angue</em></span> <span class='ocrx_word' id='word_1_423' title='bbox 893 3782 996 3858; x_wconf 84' lang='lat' dir='ltr'><em>flagra</em></span> <span class='ocrx_word' id='word_1_424' title='bbox 1024 3782 1186 3857; x_wconf 78' lang='lat' dir='ltr'><em>quatiebas:</em></span> <span class='ocrx_word' id='word_1_425' title='bbox 1215 3781 1253 3840; x_wconf 86' lang='lat' dir='ltr'><em>cf.</em></span> <span class='ocrx_word' id='word_1_426' title='bbox 1280 3781 1325 3839; x_wconf 90' lang='lat' dir='ltr'><em>lb.</em></span> 
     </span>
     <span class='ocr_line' id='line_1_42' title="bbox 180 3861 1329 3942; baseline -0.001 -21"><span class='ocrx_word' id='word_1_427' title='bbox 180 3866 319 3938; x_wconf 84' lang='lat'><strong>157-160</strong></span> <span class='ocrx_word' id='word_1_428' title='bbox 332 3864 459 3940; x_wconf 90' lang='lat' dir='ltr'><em>Denique</em></span> <span class='ocrx_word' id='word_1_429' title='bbox 477 3867 614 3942; x_wconf 85' lang='lat' dir='ltr'><em>quidquid</em></span> <span class='ocrx_word' id='word_1_430' title='bbox 627 3884 699 3941; x_wconf 81' lang='lat' dir='ltr'><em>ages,</em></span> <span class='ocrx_word' id='word_1_431' title='bbox 715 3872 777 3923; x_wconf 88' lang='lat' dir='ltr'><em>ante</em></span> <span class='ocrx_word' id='word_1_432' title='bbox 795 3884 824 3923; x_wconf 90' lang='lat' dir='ltr'><em>as</em></span> <span class='ocrx_word' id='word_1_433' title='bbox 844 3865 982 3938; x_wconf 88' lang='lat' dir='ltr'><em>oculosque</em></span> <span class='ocrx_word' id='word_1_434' title='bbox 1000 3863 1103 3934; x_wconf 90' lang='lat' dir='ltr'><em>uolabo,</em></span> <span class='ocrx_word' id='word_1_435' title='bbox 1117 3861 1162 3920; x_wconf 86' lang='lat' dir='ltr'><em>Et</em></span> <span class='ocrx_word' id='word_1_436' title='bbox 1174 3881 1287 3938; x_wconf 91' lang='lat' dir='ltr'><em>querar,</em></span> <span class='ocrx_word' id='word_1_437' title='bbox 1302 3869 1329 3920; x_wconf 89' lang='lat' dir='ltr'><em>et</em></span> 
     </span>
     <span class='ocr_line' id='line_1_43' title="bbox 176 3943 1326 4022; baseline -0.001 -20"><span class='ocrx_word' id='word_1_438' title='bbox 176 3946 255 4004; x_wconf 89' lang='lat' dir='ltr'><em>nulla</em></span> <span class='ocrx_word' id='word_1_439' title='bbox 269 3947 327 4004; x_wconf 88' lang='lat' dir='ltr'><em>sede</em></span> <span class='ocrx_word' id='word_1_440' title='bbox 340 3947 447 4022; x_wconf 86' lang='lat' dir='ltr'><em>quietus</em></span> <span class='ocrx_word' id='word_1_441' title='bbox 460 3949 522 4005; x_wconf 89' lang='lat' dir='ltr'><em>eri&#39;s.</em></span> <span class='ocrx_word' id='word_1_442' title='bbox 569 3946 686 4006; x_wconf 88' lang='lat' dir='ltr'><em>Verbera</em></span> <span class='ocrx_word' id='word_1_443' title='bbox 700 3966 784 4005; x_wconf 90' lang='lat' dir='ltr'><em>saeua</em></span> <span class='ocrx_word' id='word_1_444' title='bbox 798 3947 904 4005; x_wconf 85' lang='lat' dir='ltr'><em>dobunt</em></span> <span class='ocrx_word' id='word_1_445' title='bbox 914 3947 1041 4016; x_wconf 80' lang='lat' dir='ltr'><em>sonitum,</em></span> <span class='ocrx_word' id='word_1_446' title='bbox 1056 3963 1194 4020; x_wconf 88' lang='lat' dir='ltr'><em>nexaeque</em></span> <span class='ocrx_word' id='word_1_447' title='bbox 1206 3943 1326 4002; x_wconf 85' lang='lat' dir='ltr'><em>colubris</em></span> 
     </span>
     <span class='ocr_line' id='line_1_44' title="bbox 179 4025 1437 4107; baseline -0.002 -21"><span class='ocrx_word' id='word_1_448' title='bbox 179 4025 299 4086; x_wconf 77' lang='lat' dir='ltr'><em>Conscia</em></span> <span class='ocrx_word' id='word_1_449' title='bbox 306 4027 467 4105; x_wconf 84' lang='lat' dir='ltr'><em>fumabunt</em></span> <span class='ocrx_word' id='word_1_450' title='bbox 483 4038 586 4104; x_wconf 89' lang='lat' dir='ltr'><em>semper</em></span> <span class='ocrx_word' id='word_1_451' title='bbox 605 4030 647 4086; x_wconf 90' lang='lat' dir='ltr'><em>ad</em></span> <span class='ocrx_word' id='word_1_452' title='bbox 662 4047 712 4086; x_wconf 91' lang='lat' dir='ltr'><em>ora</em></span> <span class='ocrx_word' id='word_1_453' title='bbox 721 4030 815 4107; x_wconf 85' lang='lat' dir='ltr'><em>faces,</em></span> <span class='ocrx_word' id='word_1_454' title='bbox 831 4038 859 4087; x_wconf 88' lang='lat' dir='ltr'><em>et</em></span> <span class='ocrx_word' id='word_1_455' title='bbox 877 4028 1014 4102; x_wconf 84' lang='lat'>183-186</span> <span class='ocrx_word' id='word_1_456' title='bbox 1029 4025 1091 4084; x_wconf 92' lang='lat' dir='ltr'><em>Hic</em></span> <span class='ocrx_word' id='word_1_457' title='bbox 1109 4026 1163 4085; x_wconf 92' lang='lat' dir='ltr'><em>tibi</em></span> <span class='ocrx_word' id='word_1_458' title='bbox 1177 4027 1209 4083; x_wconf 83' lang='lat' dir='ltr'><em>de</em></span> <span class='ocrx_word' id='word_1_459' title='bbox 1222 4025 1326 4084; x_wconf 88' lang='lat' dir='ltr'><em>Furiis</em></span> <span class='ocrx_word' id='word_1_460' title='bbox 1435 4025 1437 4033; x_wconf 58' lang='lat'><strong>⁴</strong></span> 
     </span>
     <span class='ocr_line' id='line_1_45' title="bbox 175 4108 1324 4187; baseline 0.001 -22"><span class='ocrx_word' id='word_1_461' title='bbox 175 4111 280 4167; x_wconf 82' lang='lat' dir='ltr'><em>scindet</em></span> <span class='ocrx_word' id='word_1_462' title='bbox 304 4110 380 4168; x_wconf 89' lang='lat' dir='ltr'><em>lotus</em></span> <span class='ocrx_word' id='word_1_463' title='bbox 403 4128 460 4168; x_wconf 88' lang='lat' dir='ltr'><em>una</em></span> <span class='ocrx_word' id='word_1_464' title='bbox 479 4110 604 4187; x_wconf 81' lang='lat' dir='ltr'><em>flagello,</em></span> <span class='ocrx_word' id='word_1_465' title='bbox 634 4111 670 4169; x_wconf 88' lang='lat' dir='ltr'><em>Vt</em></span> <span class='ocrx_word' id='word_1_466' title='bbox 689 4111 798 4168; x_wconf 89' lang='lat' dir='ltr'><em>sceleris</em></span> <span class='ocrx_word' id='word_1_467' title='bbox 820 4129 946 4168; x_wconf 88' lang='lat' dir='ltr'><em>numeros</em></span> <span class='ocrx_word' id='word_1_468' title='bbox 969 4109 1112 4186; x_wconf 85' lang='lat' dir='ltr'><em>confiteare</em></span> <span class='ocrx_word' id='word_1_469' title='bbox 1133 4109 1182 4166; x_wconf 88' lang='lat' dir='ltr'><em>tui.</em></span> <span class='ocrx_word' id='word_1_470' title='bbox 1224 4108 1324 4166; x_wconf 87' lang='lat' dir='ltr'><em>Altero</em></span> 
     </span>
     <span class='ocr_line' id='line_1_46' title="bbox 178 4188 1325 4276; baseline 0 -29"><span class='ocrx_word' id='word_1_471' title='bbox 178 4188 326 4248; x_wconf 76' lang='lat' dir='ltr'><em>Tartareis</em></span> <span class='ocrx_word' id='word_1_472' title='bbox 346 4197 427 4250; x_wconf 87' lang='lat' dir='ltr'><em>sectos</em></span> <span class='ocrx_word' id='word_1_473' title='bbox 451 4192 529 4250; x_wconf 86' lang='lat' dir='ltr'><em>dabit</em></span> <span class='ocrx_word' id='word_1_474' title='bbox 547 4191 797 4268; x_wconf 82' lang='lat' dir='ltr'><em>anguibusartus.</em></span> <span class='ocrx_word' id='word_1_475' title='bbox 842 4189 938 4248; x_wconf 83' lang='lat' dir='ltr'><em>Tertia</em></span> <span class='ocrx_word' id='word_1_476' title='bbox 949 4192 1099 4276; x_wconf 85' lang='lat' dir='ltr'><em>fumantes</em></span> <span class='ocrx_word' id='word_1_477' title='bbox 1121 4191 1243 4265; x_wconf 81' lang='lat' dir='ltr'><em>incoquet</em></span> <span class='ocrx_word' id='word_1_478' title='bbox 1262 4191 1325 4266; x_wconf 83' lang='lat' dir='ltr'><em>i‘gne</em></span> 
     </span>
    </p>
   </div>
   <div class='ocr_carea' id='block_1_4' title="bbox 174 4329 1334 4651">
    <p class='ocr_par' dir='ltr' id='par_1_6' title="bbox 174 4329 1323 4526">
     <span class='ocr_line' id='line_1_47' title="bbox 208 4329 1323 4394; baseline 0 -18"><span class='ocrx_word' id='word_1_479' title='bbox 208 4332 222 4364; x_wconf 89' lang='grc'>*</span> <span class='ocrx_word' id='word_1_480' title='bbox 239 4329 379 4378; x_wconf 85' lang='lat' dir='ltr'><em>Locutiones</em></span> <span class='ocrx_word' id='word_1_481' title='bbox 391 4331 414 4376; x_wconf 93' lang='lat' dir='ltr'><em>in</em></span> <span class='ocrx_word' id='word_1_482' title='bbox 425 4331 489 4378; x_wconf 86' lang='lat' dir='ltr'><em>Ibide</em></span> <span class='ocrx_word' id='word_1_483' title='bbox 505 4341 557 4379; x_wconf 90' lang='lat' dir='ltr'><em>sunt</em></span> <span class='ocrx_word' id='word_1_484' title='bbox 573 4346 620 4378; x_wconf 91' lang='lat' dir='ltr'><em>non</em></span> <span class='ocrx_word' id='word_1_485' title='bbox 632 4345 718 4391; x_wconf 82' lang='lat' dir='ltr'><em>paucae</em></span> <span class='ocrx_word' id='word_1_486' title='bbox 734 4345 794 4394; x_wconf 84' lang='lat' dir='ltr'><em>quae</em></span> <span class='ocrx_word' id='word_1_487' title='bbox 806 4330 956 4390; x_wconf 87' lang='lat' dir='ltr'><em>Propertium</em></span> <span class='ocrx_word' id='word_1_488' title='bbox 972 4330 1066 4390; x_wconf 83' lang='lat' dir='ltr'><em>sapiant,</em></span> <span class='ocrx_word' id='word_1_489' title='bbox 1079 4329 1141 4390; x_wconf 93' lang='lat' dir='ltr'><em>quod</em></span> <span class='ocrx_word' id='word_1_490' title='bbox 1157 4330 1247 4376; x_wconf 85' lang='lat' dir='ltr'><em>notauit</em></span> <span class='ocrx_word' id='word_1_491' title='bbox 1258 4330 1323 4377; x_wconf 87' lang='lat' dir='ltr'><em>Post·</em></span> 
     </span>
     <span class='ocr_line' id='line_1_48' title="bbox 174 4395 1323 4460; baseline 0.002 -18"><span class='ocrx_word' id='word_1_492' title='bbox 174 4403 242 4460; x_wconf 72' lang='lat' dir='ltr'><em>gatus</em></span> <span class='ocrx_word' id='word_1_493' title='bbox 253 4395 277 4442; x_wconf 91' lang='lat' dir='ltr'><em>in</em></span> <span class='ocrx_word' id='word_1_494' title='bbox 288 4396 408 4457; x_wconf 85' lang='lat' dir='ltr'><em>Excerptis</em></span> <span class='ocrx_word' id='word_1_495' title='bbox 419 4397 589 4457; x_wconf 85' lang='lat' dir='ltr'><em>Propertianis:</em></span> <span class='ocrx_word' id='word_1_496' title='bbox 607 4397 707 4444; x_wconf 85' lang='lat' dir='ltr'><em>uelooem</em></span> <span class='ocrx_word' id='word_1_497' title='bbox 720 4397 827 4457; x_wconf 88' lang='lat' dir='ltr'><em>puellam</em></span> <span class='ocrx_word' id='word_1_498' title='bbox 837 4395 904 4456; x_wconf 87' lang='lat' dir='ltr'><em>Piop.</em></span> <span class='ocrx_word' id='word_1_499' title='bbox 917 4397 931 4442; x_wconf 94' lang='lat' dir='ltr'><em>i.</em></span> <span class='ocrx_word' id='word_1_500' title='bbox 944 4408 964 4442; x_wconf 94' lang='lat'><em>1.</em></span> <span class='ocrx_word' id='word_1_501' title='bbox 976 4407 1015 4457; x_wconf 88' lang='lat'><em>15,</em></span> <span class='ocrx_word' id='word_1_502' title='bbox 1026 4396 1054 4442; x_wconf 86' lang='lat' dir='ltr'><em>de</em></span> <span class='ocrx_word' id='word_1_503' title='bbox 1065 4396 1138 4443; x_wconf 85' lang='lat' dir='ltr'><em>tribus</em></span> <span class='ocrx_word' id='word_1_504' title='bbox 1150 4410 1197 4442; x_wconf 89' lang='lat' dir='ltr'><em>una</em></span> <span class='ocrx_word' id='word_1_505' title='bbox 1212 4411 1279 4444; x_wconf 87' lang='lat' dir='ltr'><em>saror</em></span> <span class='ocrx_word' id='word_1_506' title='bbox 1291 4396 1323 4444; x_wconf 93' lang='lat' dir='ltr'><em>iii.</em></span> 
     </span>
     <span class='ocr_line' id='line_1_49' title="bbox 175 4457 1237 4526; baseline -0.001 -18"><span class='ocrx_word' id='word_1_507' title='bbox 175 4473 197 4522; x_wconf 84' lang='lat'><em>5.</em></span> <span class='ocrx_word' id='word_1_508' title='bbox 211 4461 250 4519; x_wconf 84' lang='grc'><em>28,</em></span> <span class='ocrx_word' id='word_1_509' title='bbox 265 4462 397 4526; x_wconf 86' lang='lat' dir='ltr'><em>longinquis</em></span> <span class='ocrx_word' id='word_1_510' title='bbox 406 4463 505 4522; x_wconf 86' lang='lat' dir='ltr'><em>piscibus</em></span> <span class='ocrx_word' id='word_1_511' title='bbox 516 4463 548 4510; x_wconf 90' lang='lat' dir='ltr'><em>iii.</em></span> <span class='ocrx_word' id='word_1_512' title='bbox 563 4473 583 4524; x_wconf 87' lang='lat'><em>7.</em></span> <span class='ocrx_word' id='word_1_513' title='bbox 593 4461 616 4520; x_wconf 88' lang='lat'><em>8,</em></span> <span class='ocrx_word' id='word_1_514' title='bbox 625 4463 715 4522; x_wconf 86' lang='lat' dir='ltr'><em>pondus</em></span> <span class='ocrx_word' id='word_1_515' title='bbox 725 4463 808 4510; x_wconf 77' lang='lat' dir='ltr'><em>babere</em></span> <span class='ocrx_word' id='word_1_516' title='bbox 820 4462 849 4510; x_wconf 91' lang='lat' dir='ltr'><em>ib.</em></span> <span class='ocrx_word' id='word_1_517' title='bbox 862 4475 901 4523; x_wconf 83' lang='lat'><em>44,</em></span> <span class='ocrx_word' id='word_1_518' title='bbox 914 4477 1008 4509; x_wconf 87' lang='lat' dir='ltr'><em>carmen</em></span> <span class='ocrx_word' id='word_1_519' title='bbox 1022 4460 1149 4509; x_wconf 81' lang='lat' dir='ltr'><em>inerme&#39;ii.</em></span> <span class='ocrx_word' id='word_1_520' title='bbox 1162 4457 1185 4509; x_wconf 88' lang='lat'><em>6.</em></span> <span class='ocrx_word' id='word_1_521' title='bbox 1198 4471 1237 4522; x_wconf 76' lang='lat'><em>32.</em></span> 
     </span>
    </p>

    <p class='ocr_par' dir='ltr' id='par_1_7' title="bbox 205 4525 1334 4588">
     <span class='ocr_line' id='line_1_50' title="bbox 205 4525 1334 4588; baseline 0.001 -15"><span class='ocrx_word' id='word_1_522' title='bbox 205 4527 224 4585; x_wconf 91' lang='lat'>†</span> <span class='ocrx_word' id='word_1_523' title='bbox 242 4525 356 4575; x_wconf 82' lang='lat' dir='ltr'><em>Martial&#39;s</em></span> <span class='ocrx_word' id='word_1_524' title='bbox 367 4527 532 4575; x_wconf 87' lang='lat' dir='ltr'><em>Ouid-Studien</em></span> <span class='ocrx_word' id='word_1_525' title='bbox 544 4543 582 4588; x_wconf 91' lang='lat' dir='ltr'><em>pp.</em></span> <span class='ocrx_word' id='word_1_526' title='bbox 595 4541 631 4582; x_wconf 84' lang='lat'><em>11,</em></span> <span class='ocrx_word' id='word_1_527' title='bbox 643 4539 681 4588; x_wconf 79' lang='lat'><em>31,</em></span> <span class='ocrx_word' id='word_1_528' title='bbox 693 4540 732 4588; x_wconf 83' lang='lat'><em>32·</em></span> <span class='ocrx_word' id='word_1_529' title='bbox 1323 4526 1334 4558; x_wconf 85' lang='lat'><em>·&#39;</em></span> 
     </span>
    </p>

    <p class='ocr_par' dir='ltr' id='par_1_8' title="bbox 720 4593 777 4651">
     <span class='ocr_line' id='line_1_51' title="bbox 720 4593 777 4651; baseline -0.018 0"><span class='ocrx_word' id='word_1_530' title='bbox 720 4593 738 4651; x_wconf 94' lang='lat' dir='ltr'><em>d</em></span> <span class='ocrx_word' id='word_1_531' title='bbox 763 4612 777 4650; x_wconf 84' lang='grc'><em>2</em></span> 
     </span>
    </p>
   </div>
   <div class='ocr_carea' id='block_1_5' title="bbox 0 0 1652 5214">
    <p class='ocr_par' dir='ltr' id='par_1_9' title="bbox 0 0 1652 5214">
     <span class='ocr_line' id='line_1_52' title="bbox 0 0 1652 5214; baseline 0 2"><span class='ocrx_word' id='word_1_532' title='bbox 0 0 1652 5214; x_wconf 95' lang='lat' dir='ltr'><em> </em></span> 
     </span>
    </p>
   </div>
  </div>
 </body>
</html>
