3294 5214
624 483 950 548 PROLEGOMENA.
1290 490 1369 549 xxvii

213 641 355 704 Cf.-Dion
377 644 411 704 C.
428 658 475 720 55.
494 663 539 705 ιι.
581 643 661 704 Hinc
680 645 853 704 contubernio
872 663 939 704 eum
958 645 1121 704 admouerat
1138 645 1281 718 Tiberius
1296 657 1368 716 teste

214 725 292 784 Suet.
312 726 379 785 Tib.
398 746 443 799 14.
487 727 546 786 Sed
566 736 595 786 et
614 723 749 803 Augusto
770 737 875 802 gratus·
890 735 959 796 erat,
981 727 1060 786 unde
1082 745 1149 787 cum
1170 728 1250 787 Areo
1272 729 1367 805 philo-

208 807 308 884 sopho
330 819 373 867 ter
394 808 580 885 coniungitur
597 827 614 868 a
629 805 793 870 Themistio
815 809 896 869 Orat.
910 827 936 880 v,
952 809 1006 881 viii,
1021 809 1060 868 xi.
1103 809 1199 868 Huius
1219 813 1310 870 uerba
1331 829 1367 870 ex

214 889 294 949 Orat.
310 890 363 948 viil.
389 909 419 966 p.
440 893 497 949 208
520 890 665 949 Harduln.
686 890 757 948 libet
778 891 947 963 exscribere,
971 893 1020 946 Διὰ
1039 896 1116 946 τοῦτο
1138 894 1179 947 καὶ
1200 894 1215 946 ὁ
1234 895 1302 949 πάνυ
1323 903 1368 948 Σε-

213 975 313 1035 βαστὸς
326 975 406 1046 μέγας
419 972 450 1042 ἦν
463 973 502 1029 ὅτι
515 975 561 1028 τὸν
568 972 672 1046 ’Ἄρειον
686 974 785 1028 καὶτὸν
800 975 940 1045 θράσυλον
953 973 1151 1047 συμπεριήγετο·
1173 974 1221 1046 ούχ
1240 972 1280 1030 ἵνα
1297 976 1368 1050 αὐτῷ

213 1055 347 1110 συνθέσεις
368 1056 575 1126 οἰκοδομημάτων
588 1055 726 1126 ἐξηγῶνται
747 1055 787 1108 καὶ
807 1053 952 1124 ἀναλύσεις,
968 1053 1028 1109 ἀλλ’
1041 1053 1081 1111 ba
1101 1057 1166 1126 πρὸς
1186 1057 1218 1110 τὰ
1238 1057 1302 1129 ἔργα
1322 1059 1368 1126 τῆς

212 1135 302 1206 ἀρετῆς
322 1139 483 1208 παρορμῶῑνι.
525 1134 716 1211 Interfuitque
733 1131 902 1209 Thrasyllus
923 1134 1061 1193 conuiuio
1084 1135 1164 1212 quod
1185 1137 1286 1211 paucis
1308 1135 1367 1195 die-

212 1215 267 1273 bus
289 1226 356 1274 ante
376 1225 502 1274 mortem
520 1216 670 1292 Augustus
691 1215 792 1274 habuit
809 1213 899 1294 (Suet.
914 1212 991 1292 Aug.
1008 1214 1069 1294 98).
1111 1215 1171 1288 Qui
1192 1235 1260 1275 cum
1281 1218 1367 1276 unius

212 1313 249 1354 ex
267 1296 386 1368 dilectis,
402 1297 564 1374 Masgabae
579 1297 707 1368 nomine,
724 1314 811 1374 quem
826 1297 908 1374 quasi
925 1297 1107 1356 conditorem
1121 1297 1232 1357 insulae
1247 1297 1367 1374 Capreis

213 1377 371 1437 adiacentis
386 1383 501 1450 Κτίστην
514 1397 622 1438 uocare
639 1389 801 1447 consuerat,
816 1380 951 1436 tumulum
965 1399 978 1436 e
992 1379 1113 1437 triclinio
1126 1380 1370 1438 animaduertisset

212 1478 315 1534 magna
330 1461 413 1520 turba
426 1462 572 1536 multisque
587 1461 738 1518 luminibus
743 1462 936 1539 frequentari,
952 1479 1061 1518 uersum
1076 1463 1248 1536 compositum
1262 1469 1367 1520 extem·

150 1552 155 1557 “
206 1550 278 1616 pore
297 1541 373 1600 clare
388 1544 594 1618 pronuntiauit,
616 1548 730 1598 Κτιστοῦ
751 1545 779 1598 δὲ
799 1543 896 1614 τύμβον
917 1544 1010 1615 εἰσορῶ
1030 1543 1195 1615 πυρούμενον.
1242 1541 1367 1601 Conuer-

211 1641 310 1697 susque
331 1624 372 1681 ad
387 1623 577 1697 Thrasyllum,
596 1623 851 1694 tranctantem,
870 1630 967 1681 contra
988 1625 1169 1695 accubantem,
1188 1631 1215 1682 et
1233 1626 1367 1700 ignarum

212 1705 262 1776 rei,
288 1707 474 1781 interrogauit
491 1707 637 1764 cuz'usnam
655 1712 749 1780 poetae
772 1707 888 1781 putaret
908 1723 978 1763 esse:
1004 1724 1056 1780 quo
1080 1706 1230 1764 haesitante
1253 1707 1370 1764 subiicit

212 1787 312 1852 alt'ttm,
333 1788 412 1860 Ὁρᾷς
436 1788 538 1860 φάεσσι
562 1788 710 1860 Μοσγόβον
732 1791 880 1858 τιμώμενον,
906 1806 940 1844 ac
967 1788 998 1844 de
1024 1788 1074 1845 hoc
1098 1806 1198 1862 quaque
1222 1789 1367 1846 consulut'i.

215 1865 287 1926 Cum
309 1868 356 1924 ille
376 1869 453 1927 nihil
471 1869 554 1926 uliud
573 1869 744 1943 responderet
763 1869 824 1925 nisi
841 1870 1032 1944 cucusmmque
1054 1876 1146 1940 essent,
1168 1870 1280 1944 qutinnos
1303 1889 1366 1940 esse,

211 1950 376 2007 cachinnum
393 1952 508 2008 sustulit
522 1957 602 2025 atque
619 1951 651 2007 in
668 1952 737 2007 ιὀιος
753 1949 857 2026 eJJ‘usus
873 1957 919 2007 est.

254 2030 314 2089 Hic
329 2031 499 2107 Thrasyllus
518 2041 550 2090 ut
569 2031 630 2089 Ibis
651 2031 735 2089 fuerit
756 2032 925 2108 conspirant
945 2050 1007 2091 non
1028 2049 1131 2107 pauca.
1174 2031 1253 2091 Nam
1275 2032 1366 2091 filium

212 2111 313 2173 habuit
334 2109 419 2190 (Tac.
442 2114 520 2171 Ann.
539 2113 574 2170 vi,
599 2109 649 2189 aa)
669 2113 749 2172 unde
771 2112 819 2171 illa
839 2120 911 2188 teque
932 2121 1042 2189 tuosque
1066 2114 1191 2189 explices
1216 2132 1244 2172 ιι.
1267 2115 1315 2188 56,
1337 2124 1366 2172 et

212 2194 396 2252 doctissimus
417 2193 469 2253 suit
491 2195 539 2272 qui
560 2195 711 2253 multarum
732 2197 837 2252 artium
857 2197 999 2252 scientiam
1016 2198 1163 2274 professus
1180 2202 1319 2272 postremo
1338 2214 1366 2253 se

212 2276 288 2334 dedit
305 2276 468 2334 Platonicae
488 2283 572 2334 sectae
592 2275 702 2355 (Schol.
724 2275 826 2335 quen.
841 2277 876 2335 vi.
896 2274 978 2354 575),
999 2277 1078 2335 unde
1099 2286 1366 2335 commemorantur

212 2358 275 2416 eius
288 2357 352 2415 libri
369 2357 407 2416 de
421 2358 552 2428 Platone,
567 2358 604 2416 de
619 2357 780 2416 Democriti
799 2359 910 2434 scriptis
931 2358 1083 2435 quomodo
1103 2359 1227 2433 legenda
1247 2359 1312 2428 sint,
1328 2359 1365 2417 de

211 2439 399 2515 temporibus
424 2440 613 2515 Aegyptiam,
639 2439 676 2497 de
699 2439 850 2514 lapidibus,
875 2438 1019 2498 Thracica
1047 2438 1179 2518 (Clinton
1203 2439 1235 2498 F.
1262 2438 1301 2496 H.
1326 2440 1364 2497 iii.

211 2539 241 2597 p.
258 2519 329 2598 555)
339 2540 347 2593 3
369 2531 401 2578 ut
415 2521 537 2596 dignum
558 2521 659 2579 credas
680 2521 710 2578 in
731 2539 818 2597 quem
838 2531 955 2579 tottam
973 2521 1075 2579 doctas
1093 2519 1227 2579 historias
1241 2519 1365 2580 Ouidius

212 2611 406 2678 congereret:
438 2612 467 2661 et
494 2603 604 2678 optime
633 2602 753 2679 quadrat
780 2602 986 2660 mathematico
1013 2601 1135 2677 repetita
1161 2601 1268 2660 totiens
1296 2602 1366 2660 solis

210 2684 298 2742 lunae
312 2683 440 2742 siderum
454 2684 525 2742 caeli
540 2684 659 2754 mentia,
673 2693 732 2742 tam
747 2683 874 2742 studiose
887 2684 1023 2760 inquisita
1037 2693 1065 2741 et
1080 2684 1228 2742 enuntiata
1241 2684 1365 2759 genesis.

213 2763 294 2836 Quid
318 2764 400 2841 quod
427 2765 573 2842 Thrasylli
599 2783 709 2823 nomen
736 2765 812 2824 iuter
839 2765 970 2824 historias
994 2765 1094 2824 locum
1121 2765 1209 2823 habet
1236 2782 1264 2823 u.
1285 2767 1365 2840 331?

208 2847 293 2922 quod
311 2847 488 2924 Aegyptium
507 2847 601 2905 acrius
619 2847 754 2906 mordent
768 2857 811 2905 tot
825 2847 911 2906 ducta
925 2865 963 2905 ex
978 2847 1135 2923 Aegypto?
1163 2847 1244 2923 quod
1262 2847 1366 2906 melius

213 2928 254 2986 sic
267 2929 342 2986 inter
360 2947 391 2987 se
411 2939 617 3004 comparantur
634 2947 663 2986 u.
678 2948 735 3004 219
751 2929 812 2988 dies
826 2928 971 2999 Alliensis
987 2929 1048 2987 dies
1063 2927 1165 2986 natalis
1182 2928 1281 3000 luidis,
1296 2947 1365 2987 cum

212 3019 242 3068 et
256 3009 390 3069 Alliensis
409 3019 437 3068 et
450 3010 647 3086 Aegyptiacus
665 3010 726 3068 dies
746 3019 808 3069 ater
828 3009 930 3070 fuerit?
952 3007 1062 3088 (Notis,
1083 3009 1247 3086 Cenotaph.
1269 3009 1364 3068 Pisan.

214 3090 299 3170 373).
341 3091 492 3150 Praeterea
513 3110 549 3149 ex
568 3091 708 3150 Mendete
729 3092 753 3150 si
774 3091 834 3163 fuit,
850 3110 924 3168 quae
944 3094 1013 3150 urbs
1034 3109 1096 3150 non
1117 3091 1206 3167 longe
1227 3091 1327 3150 aberat
1348 3109 1366 3150 a

212 3173 364 3249 Lycopoli,
377 3173 466 3231 habes
480 3191 532 3231 cur
542 3174 619 3248 lupei
632 3173 677 3231 bis
690 3174 836 3231 induxerit
849 3183 944 3250 poeta,
956 3191 993 3246 44
1003 3173 1078 3230 Pax
1091 3174 1224 3231 erithace
1237 3173 1329 3231 nebai.
1341 3215 1365 3232 ..

216 3253 288 3313 Cum
300 3264 398 3331 pecore
411 3255 525 3331 infirmo
543 3273 612 3329 quae
630 3256 696 3312 salet
711 3274 766 3312 esse
784 3257 865 3330 lupis,
884 3267 950 3328 171,
968 3273 982 3311 2
998 3253 1094 3329 Deque
1110 3261 1155 3312 tuo
1163 3255 1224 3331 fiet,
1239 3256 1302 3312 licet
1312 3255 1366 3312 hae
1394 3253 1401 3262 '

212 3337 253 3394 sis
269 3336 351 3394 laude
366 3336 508 3411 superbus,
522 3335 738 3394 [mercaturam
751 3347 863 3413 corpore
879 3339 954 3394 reeca
968 3336 1050 3412 lupis.
1094 3335 1159 3394 Iam
1173 3335 1302 3394 Platonis
1316 3337 1366 3412 qui

213 3418 359 3476 studiosus
380 3417 472 3488 fuerit,
493 3417 630 3494 idemque
651 3419 681 3475 in
701 3419 862 3494 periculum
881 3419 994 3476 uenerit
1014 3436 1031 3475 a
1051 3435 1135 3476 muro
1156 3417 1365 3493 praecipitandi

213 3495 306 3576 (Dion
320 3498 354 3558 C.
371 3513 417 3573 55.
434 3497 493 3576 ιι),
507 3499 627 3558 mirifice
641 3498 672 3556 in
685 3499 763 3558 hunc
778 3500 917 3558 conuenit
929 3499 1048 3558 historia
1061 3499 1110 3556 illa
1124 3497 1160 3556 de
1175 3498 1366 3557 Cleombroto

213 3599 283 3655 494,
297 3599 335 3638 ne
350 3579 419 3658 quid
433 3580 470 3639 de
484 3579 545 3639 aliis
559 3580 680 3639 dixerim
694 3582 743 3657 qui
757 3582 787 3638 in
802 3581 884 3639 Ibide
900 3600 938 3640 ex
958 3581 1016 3640 alto
1032 3581 1134 3639 deiecti
1149 3581 1291 3652 dicuntur,
1306 3597 1366 3657 quo

213 3662 411 3721 crudelissimo
426 3662 569 3738 supplicio
583 3661 653 3720 nihil
667 3663 761 3738 magis
776 3662 912 3721 Tiberius
925 3663 1126 3739 frequentauit.

253 3743 365 3802 Dixerit
386 3743 433 3802 hic
454 3744 556 3820 aliquis
565 3762 573 3815 ;
595 3743 644 3801 Tu
664 3744 694 3801 in
709 3744 844 3802 Cassium
860 3743 1001 3802 Seuerum
1019 3742 1066 3802 uel
1083 3743 1121 3802 T.
1136 3741 1300 3802 Labienum
1318 3742 1366 3801 uel

213 3823 402 3902 Thrasyllum
422 3827 603 3901 astrologum
622 3825 669 3882 uel
688 3835 799 3884 certum
818 3825 944 3901 aliquem
964 3824 1123 3883 delatorem
1144 3843 1261 3883 carmen
1275 3824 1366 3882 Ibidis

213 3907 354 3983 scriptum
368 3907 532 3979 existimas3
554 3923 622 3964 uere
639 3915 671 3965 tu
688 3907 814 3982 quidem,
830 3924 900 3964 nam
918 3923 981 3964 non
999 3906 1092 3964 dubiis
1112 3907 1209 3963 uerbis
1228 3905 1258 3962 id
1277 3912 1366 3981 poeta

214 3988 395 4064 significauit,
410 4007 437 4046 u.
456 4000 471 4061 7
487 3987 591 4059 VnuS,
605 3994 632 4045 et
641 3989 692 4046 hac
711 3991 799 4063 z'psum
818 3995 859 4045 est
875 3989 984 4045 iniuria
1000 4005 1113 4063 magna,
1125 3997 1271 4063 perennem
1288 3986 1365 4046 Can-

212 4070 289 4127 doris
302 4071 413 4127 titulum
427 4088 482 4127 non
494 4071 566 4127 sinit
576 4088 631 4127 esse
643 4071 703 4141 enei,
720 4089 757 4147 93
773 4069 852 4128 Neue
865 4070 958 4128 minus
972 4068 1188 4144 noceantfictum
1202 4070 1366 4126 execrantia

213 4169 307 4209 nomen
329 4151 403 4223 Vota,
419 4153 512 4209 nunnus
525 4169 639 4228 magnos
655 4149 1055 4221 commoueantnedeor,Illnn1
1072 4169 1118 4226 ego
1135 4150 1248 4206 deuoueo
1265 4167 1365 4227 quem

213 4250 308 4291 mens
324 4233 496 4310 intelligit,
510 4232 599 4290 Ibin:
625 4250 793 4310 nomenque
814 4243 846 4290 ut
864 4249 926 4290 non
947 4232 1037 4290 uerbo
1058 4232 1185 4307 positum
1206 4232 1249 4303 sit,
1265 4232 1365 4290 animo

213 4325 290 4372 certe
305 4314 531 4391 concipiendum
546 4323 614 4385 erat,
629 4333 667 4372 ne
687 4315 716 4372 ui
736 4332 789 4373 sua
808 4322 917 4373 careret
936 4314 1088 4372 execratio.
1131 4312 1201 4371 Hoc
1222 4314 1300 4371 enim
1321 4314 1364 4370 in·

208 4396 312 4454 dicant
329 4396 456 4460 dirarum
475 4396 615 4454 formulae
635 4397 728 4471 qualis
742 4405 786 4454 est
804 4396 859 4454 ista
873 4394 907 4453 C.
923 4395 946 4452 I.
962 4395 996 4454 L.
1011 4396 1029 4454 i.
1046 4399 1106 4454 820
1121 4394 1230 4453 Nomen
1245 4397 1365 4453 delatum

213 4476 343 4536 Naeuiae
356 4476 394 4536 L.
402 4476 440 4536 L.
455 4475 596 4536 Secundae
615 4479 687 4535 aeine
706 4496 738 4534 ea
759 4478 815 4535 aleb
836 4478 944 4534 nomini
960 4483 1006 4548 est,
1021 4478 1130 4536 indicat
1147 4476 1191 4534 bis
1211 4477 1365 4553 repetitum

207 4557 325 4617 'nomen
346 4558 384 4617 ib.
401 4562 459 4634 819
475 4557 586 4629 Danae,
605 4569 633 4618 et
653 4561 683 4616 in
704 4559 817 4618 Graeca
830 4559 1023 4635 Inscriptione
1041 4577 1087 4635 ap.
1102 4557 1269 4617 Kaibelium
1286 4558 1364 4631 1136
