3296 5210
600 435 949 498 COMMENTARIVS.
1294 438 1350 494 157

194 594 286 647 mirae
309 609 377 646 nam
401 609 516 646 munere
538 594 623 647 sanas
647 593 753 647 Dulcia
772 593 857 646 malla
878 609 976 660 aecem,
1002 592 1093 646 uttam
1117 591 1194 645 dedit
1216 589 1351 644 baruntius

193 665 301 735 anguis
324 663 433 732 (Const.
457 662 615 731 Fanensis).
654 665 740 717 Extat
757 663 878 732 epistula
896 680 969 733 quae
986 663 1074 717 ¹fertur
1092 661 1289 717 Eratosthenis
1312 660 1350 714 ad

194 736 391 788 Ptolemaeum
404 735 440 788 de
457 735 586 804 sepulcro
599 734 675 804 quod
689 735 798 788 Glauco
813 733 908 787 Minos
921 733 1063 802 exstruxit,
1077 743 1145 787 nota
1157 742 1272 802 propter
1285 731 1349 785 cubi

193 805 425 875 duplicationem,
444 822 487 875 ap.
509 804 661 859 Eutocium
678 805 715 858 ad
732 804 893 858 Archimed.
908 804 944 858 de
958 805 1076 873 Sphaer.
1093 814 1121 858 et
1142 805 1201 872 Cyl.
1215 803 1241 856 ii.
1256 821 1282 872 p.
1300 817 1349 868 144

193 876 238 929 ed.
259 875 373 930 Torelli.
410 877 483 930 Eam
505 875 630 930 exhibuit
655 875 684 928 in
710 875 908 929 Eratosthenis
933 874 1066 955 relliquiis
1093 873 1218 928 Hillerus
1240 891 1266 942 p.
1291 885 1349 941 125.

194 947 269 1000 Rern
281 945 369 1000 fusius
383 956 497 1000 narrant
510 945 640 1016 Apollod.
651 945 688 999 iii.
701 961 723 1014 3.
737 964 758 1014 1,
770 948 844 1014 Hyg.
860 946 916 1013 136.
942 947 1153 1000 Comunxerunt
1165 944 1250 999 trium
1263 945 1349 998 Glau-

193 1033 292 1070 corum
317 1017 427 1070 fabulas
452 1017 539 1072 etiam
560 1016 723 1086 Apostolius
743 1035 767 1070 v,
787 1029 830 1082 47,
849 1018 892 1084 48,
911 1031 954 1084 49,
979 1015 1109 1070 Eudocia
1123 1015 1196 1069 Viol.
1216 1028 1347 1080 242-244.

193 1091 265 1141 558.
284 1091 470 1142 Praefocent
481 1088 651 1141 uocabulum
663 1087 837 1141 medicorum
851 1086 974 1140 ‘choke'
1036 1091 1138 1141 noxia.
1177 1085 1281 1140 Melius
1294 1087 1348 1138 for-

193 1167 271 1213 tasse
302 1158 463 1227 scripserim
492 1159 604 1212 Gnosia.
655 1159 768 1211 Gnosos
793 1156 869 1212 enim
895 1157 1001 1211 Minois
1026 1157 1104 1226 regia
1129 1157 1182 1211 Od.
1208 1155 1261 1210 xix.
1291 1157 1347 1222 178.

193 1232 264 1282 559.
285 1232 486 1294 Sollicitoque
505 1245 559 1284 ors
577 1229 614 1282 ob
633 1237 740 1282 metum
759 1226 866 1284 mortis.
937 1232 1037 1294 Anyti
1056 1227 1185 1298 quicum
1200 1227 1306 1282 Meleto
1320 1236 1348 1281 et

196 1301 310 1369 Lycone
330 1300 477 1354 Socratem
495 1309 663 1354 accusarunt
683 1300 753 1353 Plat.
773 1299 855 1368 Apol.
875 1317 893 1352 x
915 1296 962 1351 Ἐκ
982 1298 1080 1353 τούτων
1099 1299 1138 1352 καὶ
1161 1298 1279 1366 Μίλητός
1303 1319 1348 1365 μοι

193 1370 300 1424 ἐπέθετο
314 1369 470 1425 καὶἊνυτος
483 1371 523 1422 καὶ
536 1369 633 1436 Λύκων,
644 1369 763 1437 Μέλητος
775 1371 821 1438 μὲν
830 1369 894 1438 ὑπὲρ
902 1373 953 1422 τῶν
964 1375 1075 1436 ποιητῶν
1084 1365 1348 1438 άχθόμενος,”Ανυτος

194 1441 223 1494 δὲ
236 1441 300 1511 ὑπὲρ
312 1444 364 1495 τῶν
376 1441 536 1522 δημιουργῶν
546 1441 586 1493 καὶ
598 1445 648 1494 τῶν
659 1443 807 1506 πολιτικῶν,
821 1438 908 1492 Λύκων
921 1439 950 1494 δὲ
961 1440 1024 1509 ύπὲρ
1037 1445 1087 1492 τῶν
1098 1438 1221 1510 ῥητόρων.
1275 1442 1347 1495 doo-
1365 1431 1370 1440 Α

193 1515 346 1566 tissimus.
384 1513 461 1566 Nam
486 1529 514 1565 m
538 1528 574 1566 eo
598 1509 749 1580 praecipue
773 1511 934 1564 uertebatur
955 1510 1098 1564 accusatio
1121 1509 1245 1564 Socratis
1271 1510 1347 1579 quod

194 1583 281 1652 σοφὸς
294 1592 370 1636 esset
387 1592 415 1637 et
433 1583 531 1652 σοφίαν
544 1582 679 1650 indagare
693 1599 724 1635 se
736 1581 922 1650 profiteretur.
958 1581 1211 1650 Responderatque
1226 1581 1347 1635 Chaere·

192 1653 293 1722 phonti
320 1652 430 1723 Pythia,
458 1652 613 1707 sciscitanti
644 1651 777 1721 numquis
808 1653 924 1706 Socrate
953 1663 1029 1706 esset
1060 1651 1222 1721 sapientior,
1252 1651 1347 1716 μηδένα

194 1726 348 1794 σοφώτερον
366 1719 429 1776 <ivm
442 1724 534 1793 (Apol.
548 1722 584 1790 v).
623 1723 718 1793 Anyti
735 1739 814 1776 reum
832 1724 978 1777 Socratem
995 1722 1103 1776 dixerat
1122 1721 1258 1775 Horatius
1276 1723 1305 1776 S.
1318 1721 1347 1776 ii.

193 1808 218 1860 4.
233 1809 257 1862 3.
337 1797 407 1849 560.
426 1798 652 1860 Inperturbato
672 1792 842 1861 ‘unruffled,’
854 1793 1039 1862 ‘composed’
1057 1792 1168 1847 uidetur
1188 1791 1347 1846 Stoicorum

193 1882 265 1920 esse.
304 1867 370 1920 Sen.
384 1867 436 1935 Ep.
452 1867 467 1919 8
472 1877 493 1934 5.
508 1880 523 1918 2
545 1865 605 1936 Qui
619 1869 749 1919 constans
766 1869 815 1931 est,
833 1864 1047 1933 inperturbatus
1063 1869 1110 1918 est.
1136 1865 1189 1933 qut
1204 1865 1347 1932 inpertur-

193 1936 276 1990 batus
287 1942 335 2006 est,
347 1937 408 1990 sabaa
419 1937 541 1991 tristitia
553 1941 600 1989 est.
666 1938 751 1999 quod
762 1938 845 1989 bibit
857 1934 966 1989 cicutae
978 1944 1085 2004 potum.
1113 1935 1217 1988 Phaed
1229 1933 1284 1988 lxvi
1298 1934 1348 1988 Kal

192 2007 246 2074 άμα
258 2006 338 2076 ώρεξε
349 2007 395 2075 τὴν
404 2002 495 2060 κύλικα
507 2009 542 2078 τῷ
556 2006 691 2075 Σωκράτει.
713 2007 754 2058 καὶ
767 2003 795 2060 δς
806 2007 897 2068 λαβών
909 2008 950 2058 καὶ
968 2007 1039 2074 μάλα
1057 2003 1140 2072 ἵλεως,
1154 2004 1174 2058 ώ
1186 2003 1346 2075 Ἐχέκρατες,

194 2076 269 2130 οὐδέν
280 2077 375 2148 τρέσας
387 2077 446 2130 ούδέ
459 2077 610 2146 διαφθείρας
622 2079 680 2130 οὔτε
691 2080 737 2130 τοῦ
750 2079 885 2146 χρώματος
897 2073 957 2130 ούτε
965 2079 1011 2130 τοῦ
1020 2077 1172 2146 προσώπου,
1185 2073 1244 2128 ἀλλ’
1257 2077 1347 2146 ῶσπερ

193 2147 276 2201 εἰώθει
288 2149 414 2217 ταυρηδὸν
425 2147 582 2218 ὑποβλέψας
597 2148 662 2214 πρὸς
680 2148 724 2200 τδν
740 2146 884 2217 ἄνθρωπον,
896 2147 928 2200 Τι’
944 2146 1039 2217 λέγεις,
1050 2148 1111 2216 ἔφη,
1129 2147 1188 2211 περὶ
1206 2147 1283 2200 τοῦδε
1300 2151 1346 2200 τοῦ

193 2221 309 2287 πόματος
325 2220 390 2288 πρὸς
407 2220 437 2272 τὸ
455 2217 616 2272 άποσπεῑσαί
633 2234 697 2284 τινι;
716 2219 828 2286 ἔξεστιν,
840 2215 855 2283 ὴ
868 2217 914 2284 οὗ,
985 2221 1050 2272 561.
1072 2221 1100 2272 si
1118 2220 1195 2282 quid
1216 2234 1303 2272 umas
1321 2217 1345 2272 si

194 2289 264 2359 quid
288 2289 375 2344 amati
400 2290 497 2344 habes.
550 2293 714 2342 Haemone
739 2305 824 2357 quam
852 2287 1003 2356 Haemoni,
1035 2287 1237 2359 compendiarii
1269 2305 1346 2342 com·
1403 2306 1411 2310 ·

192 2360 313 2430 paratiui
332 2359 437 2414 rariore
456 2376 527 2427 usu;
554 2359 696 2413 simillime
717 2368 813 2413 tamen
837 2359 963 2428 Scriptor
985 2358 1074 2413 Nucis
1095 2372 1135 2426 17,
1156 2360 1187 2412 18
1208 2359 1252 2412 At
1268 2363 1346 2428 past·

177 2431 280 2500 'quana
299 2433 430 2500 platanis
452 2431 576 2484 sterilem
600 2430 798 2500 praebentibus
822 2429 950 2483 umbram
980 2430 1094 2483 Vberzar
1116 2431 1221 2498 quauts
1249 2430 1348 2482 arbore

193 2503 274 2555 uenit
297 2502 393 2570 banau,
413 2502 475 2556 h.e.
497 2518 583 2571 quam
602 2500 650 2554 ulli
672 2499 774 2555 arbori.
812 2501 945 2554 Haemon
968 2499 1040 2554 filius
1064 2499 1201 2567 Creontis
1225 2517 1346 2568 sponsus

193 2571 362 2641 Antigonae,
376 2590 440 2627 cum
457 2590 521 2626 eam
536 2573 628 2626 Creon
647 2572 811 2625 damnasset
829 2580 860 2624 ut
879 2570 907 2624 in
926 2571 1056 2638 sepulcro
1074 2570 1140 2624 uiua
1161 2570 1346 2639 clauderetur,

193 2641 271 2697 iuxta
301 2660 365 2697 eam
395 2643 490 2711 gladio
521 2660 552 2697 se
577 2641 724 2710 interfecit,
752 2640 792 2695 uti
824 2651 919 2695 narrat
951 2642 1107 2710 Sophocles
1137 2641 1232 2710 Antig.
1261 2656 1347 2694 1220-

196 2726 262 2782 1225
276 2714 305 2767 έν
321 2713 350 2767 δὲ
364 2714 475 2784 λοισθίῳ
494 2711 653 2782 τυμβεύματι
669 2712 719 2780 Τὴν
735 2713 782 2781 μέν
798 2710 944 2782 κρεμαστὴν
958 2712 1065 2782 αὐχένος
1082 2712 1237 2780 κατείδομεν,
1254 2715 1346 2784 Βρόχιρ

193 2784 297 2852 μιτώδει
326 2784 445 2840 σινδόνος
473 2783 640 2852 καθημμένην,
671 2785 721 2836 Τὸν
750 2780 772 2836 δ’
801 2782 869 2852 ἀμφὶ
896 2780 984 2849 μέσση
1011 2784 1133 2852 περιπετῆ
1160 2783 1346 2852 προσκείμενον

193 2855 275 2923 Εύνὴς
299 2855 476 2922 ἀποιμώζοντα
500 2857 545 2922 τὴς
569 2854 636 2907 κάτω
658 2853 762 2922 φθοράν
782 2854 832 2906 Καὶ
856 2854 952 2923 ’πατρὸς
976 2853 1039 2924 ἔργα
1064 2853 1112 2906 καὶ
1136 2854 1169 2907 τὸ
1195 2852 1347 2921 δύστηνον

193 2925 293 2994 λέχος.
335 2940 491 2994 1234-1239
511 2920 557 2978 εἶθ’
576 2927 590 2977 ὁ
612 2923 742 2994 δύσμορος
763 2924 837 2995 Αύτῷ
858 2924 991 2994 χολωθεὶς,
1013 2926 1102 2994 ὥσπερ
1123 2918 1180 2993 εἶχ’,
1202 2923 1348 2978 ἐπενταθεὶς

186 2991 300 3066 Ἠρεισε
317 2998 441 3066 πλευραῖς
458 2995 560 3064 μέσσον
577 2995 663 3065 ἔγχος,
675 2995 702 3050 ές
720 2993 742 3047 δ’
756 2995 834 3066 ύγρδν
846 2992 952 3064 'Aptae’
964 2993 999 3049 ἔτ’
1012 2995 1120 3064 ἔμφρων
1131 2993 1249 3066 παρθένῳ
1261 3016 1347 3063 προσ-

192 3065 346 3122 πτύσσεται.
369 3068 419 3120 Καὶ
438 3069 543 3137 φυσιῶν
564 3065 651 3135 ὀξεῖαν
668 3065 792 3128 ἐκβάλλει
809 3064 872 3133 ῥοὴν
897 3065 979 3134 Λευκὴ
996 3067 1089 3136 παρειᾷ
1105 3065 1209 3135 φοινίου
1227 3067 1346 3135 σταλάγ-

192 3159 284 3207 ματος.
322 3139 404 3208 Prop.
419 3136 445 3191 ii.
460 3139 483 3192 8.
498 3151 594 3202 21-24.
630 3136 720 3190 Aliter
738 3136 890 3207 Euripides
908 3136 937 3189 in
956 3137 1108 3206 Antigona,
1127 3154 1212 3206 quem
1233 3145 1347 3191 secutus

192 3207 305 3263 uidetur
327 3207 459 3278 Hyginus
479 3220 522 3274 72.
568 3206 743 3262 Scholiastae
765 3207 801 3262 de
824 3209 937 3262 Haemo
962 3207 1187 3277 interpretantur,
1210 3207 1257 3277 qui
1282 3224 1347 3261 cum

193 3296 290 3334 sorore
309 3279 458 3349 Rhodope,
476 3277 542 3348 quia
560 3295 591 3332 se
610 3277 731 3332 inuicem
747 3289 876 3333 amantes
894 3281 993 3332 louem
1014 3295 1049 3332 ac
1069 3281 1208 3332 Iunonem
1221 3279 1348 3348 appella·
1420 3310 1424 3317 ·

193 3350 271 3418 bant,
290 3350 320 3403 in
342 3360 453 3404 montes
476 3348 604 3403 conuersi
626 3359 699 3417 sunt,
720 3350 792 3403 Plut.
814 3349 850 3403 de
873 3350 933 3403 Flu.
953 3349 989 3417 xi,
1010 3351 1079 3404 Met.
1099 3349 1134 3403 vi.
1155 3350 1248 3417 87-89.
1288 3348 1347 3403 Sed

195 3421 376 3475 Haemonem
389 3419 445 3474 dici
461 3421 604 3474 Haemum
621 3419 747 3488 potuisse
766 3437 823 3474 non
843 3419 936 3488 credo,
953 3419 1006 3474 etsi
1025 3419 1125 3475 melius
1144 3420 1185 3474 sic
1198 3420 1235 3473 ad
1250 3421 1347 3473 Maca-

193 3508 274 3545 reum
286 3491 427 3546 transitur.
497 3493 586 3545 cedat
598 3501 732 3545 euentum
744 3491 848 3544 habeat
862 3493 942 3543 Pont.
957 3489 991 3543 iv.
1006 3505 1031 3545 2.
1043 3491 1078 3556 48
1096 3491 1210 3545 Vtiliter
1219 3491 1347 3544 studium

193 3562 272 3632 quad
280 3563 335 3616 tibi
343 3563 415 3616 cedit
427 3579 501 3614 ama.
619 3563 690 3615 562.
708 3577 767 3615 sua
778 3561 872 3630 puella
885 3576 970 3629 quam
983 3561 1107 3629 amabat,
1121 3560 1264 3615 amoribus
1278 3560 1344 3615 suis.

195 3632 258 3687 Tib.
272 3632 290 3688 i.
302 3648 327 3700 4
342 3645 374 3702 75
391 3635 499 3687 Pareat
510 3629 560 3686 illa
569 3649 645 3699 suaa,
659 3649 709 3685 uas
720 3649 764 3685 ma
779 3631 910 3686 celebrate
921 3633 1098 3700 magistrum.
1119 3631 1148 3684 ii.
1163 3644 1184 3700 5.
1203 3646 1251 3699 103
1261 3632 1347 3701 farus

194 3703 463 3774 illesuaeplarabit.
503 3706 677 3758 Macareus.
709 3703 780 3756 Plut.
795 3702 895 3755 Parall.
908 3701 992 3754 xxviii
1005 3698 1099 3756 Αἴολος
1111 3707 1160 3755 τῶν
1173 3703 1235 3754 κατα
1247 3699 1346 3771 Τυρῤη·

194 3773 250 3828 νίαν
261 3774 389 3839 βασιλεὺς
400 3774 479 3844 ἔσχεν
491 3773 521 3842 ἐξ
530 3773 674 3843 Ἀμφιθέας
686 3772 827 3842 θυγατέρας
839 3771 868 3838 ἓξ
881 3773 920 3824 καὶ
933 3769 1006 3826 ἴσους
1019 3770 1133 3841 άῤῥενας·
1154 3771 1288 3840 Μακαρεὺς
1301 3770 1346 3824 δ’ὁ

194 3847 318 3900 νεώτατος
336 3845 411 3914 ἔρωτι
428 3845 534 3915 ἔφθειρε
546 3845 614 3913 μίαν,
627 3843 641 3910 ὴ
655 3844 683 3897 δέ
694 3843 796 3898 παιδίον
808 3841 924 3910 έκυὴσεν.
953 3839 1068 3911 Ἕμπαις
1080 3840 1147 3895 οὖσα
1159 3843 1188 3894 δέ
1200 3842 1240 3894 καὶ
1253 3841 1347 3910 ξίφους

194 3914 359 3985 πεμφθέντος
371 3917 421 3970 ύπδ
439 3919 485 3970 τοῦ
501 3917 598 3986 πατρὸς
610 3917 689 3984 νόμον
701 3914 818 3983 κρίνασα,
830 3912 920 3981 ἑαυτὴν
933 3912 1098 3982 διεχρήσατο·
1118 3912 1210 3980 ὁμοίως
1225 3911 1253 3964 δέ
1272 3911 1312 3964 καὶ
1332 3915 1346 3964 ὁ

196 3984 339 4055 Μακαρέας·
357 3986 391 4041 ώς
403 3987 556 4056 Σώστρατος
567 3985 595 4039 έν
604 3984 709 4055 δευτέρᾳ
718 3982 887 4054 Τυρρηνικῶν.
936 3990 998 4038 tua.
1020 3985 1101 4053 Prop.
1112 3983 1130 4036 i.
1141 3999 1166 4052 9.
1175 3998 1208 4036 22
1219 3983 1261 4036 Et
1272 3982 1351 4037 nibil

194 4057 287 4112 z'ratae
294 4061 375 4128 passe
387 4073 489 4129 negare
500 4063 573 4111 tuae.
659 4058 729 4110 563.
747 4058 857 4110 uideas
875 4055 1008 4110 infestum
1020 4055 1181 4109 adstantem
1194 4053 1347 4107 exercitum

195 4127 328 4197 hostium,
342 4145 395 4182 nec
408 4125 656 4199 quicquamauxili
670 4129 736 4180 Eur.
751 4126 855 4180 Troad.
869 4127 999 4195 752-756.
1044 4129 1108 4180 iam
1125 4142 1189 4178 cum
1202 4129 1347 4179 tenerent
1381 4126 1383 4131 '

195 4199 369 4254 struendum.
440 4201 585 4253 fiammae
604 4197 711 4252 incensi
726 4197 769 4250 llii
786 4207 937 4267 postquam
954 4198 1045 4250 amnis
1062 4195 1148 4250 bama
1156 4195 1259 4265 sumat
1269 4196 1347 4264 Nep·

194 4270 280 4324 tunia
297 4270 384 4323 Traia
395 4271 466 4324 Aen.
481 4269 519 4324 iii.
533 4285 558 4338 3.
637 4271 707 4324 564.
726 4271 909 4322 Hectoreus.
941 4267 1045 4321 Troad.
1062 4281 1129 4334 1134
1148 4267 1347 4335 θάψαινεκρὸν

195 4337 262 4394 τόνδ’
276 4339 304 4396 δς
315 4341 403 4393 πεσών
414 4340 443 4391 ε’κ
455 4339 560 4408 τειχέων
571 4337 661 4408 Ψυχὴν
672 4337 901 4409 άφὴκενἜκτορος
914 4340 959 4391 τοῦ
973 4341 1023 4392 σοῦ
1034 4340 1117 4409 γόνος,
1183 4338 1288 4401 patria
1304 4339 1347 4391 ab

196 4427 273 4465 aree.
312 4411 414 4465 Troad.
430 4413 566 4480 779βοῖνε
577 4406 701 4480 πατρῴων
713 4407 824 4479 Πύργων
835 4406 875 4463 ἐπ’
888 4408 965 4478 άκρας
978 4409 1118 4478 στεφάνας,
1130 4405 1172 4461 ὅθι
1184 4429 1229 4461 σοι
1241 4411 1347 4476 Πνεῦμα

195 4481 308 4550 μεθεῖναι
319 4482 412 4550 ψῆφος
424 4480 543 4548 ἐκράνθη.
580 4495 659 4546 puer
671 4481 825 4550 Astyanax,
835 4479 870 4534 de
884 4496 939 4561 quo
952 4478 1009 4534 iam
1022 4497 1047 4534 u.
1061 4479 1122 4547 496.
1182 4481 1252 4532 565.
1271 4482 1346 4532 San·

196 4556 291 4619 gosino
305 4556 422 4618 probra
435 4555 506 4608 luas
521 4550 666 4606 infamiam
678 4549 789 4620 generis
803 4549 902 4606 incesti
915 4550 1002 4607 caede
1015 4559 1064 4606 tua
1075 4548 1180 4620 expies,
1193 4557 1223 4606 ut
1236 4548 1346 4604 Adonis
