3296 5210
305 459 362 516 182
763 459 986 521 EXCVRSVS.

302 611 361 668 rirrd
380 635 471 670 Ιιἰνων
487 636 543 670 πιι·
568 621 607 670 ὢν
622 615 752 708 ipphiti
767 617 878 673 davrrlr
895 615 997 687 ῥῖψαι.
1033 613 1189 670 Ἀπόλλωνα
1206 615 1235 669 δὲ
1250 615 1293 669 dui
1308 613 1356 683 τὴν
1369 615 1462 669 οἱκειό·

301 705 365 754 πηνα
382 686 429 756 riu
443 688 509 754 πρὸς
525 637 572 756 rgo
585 686 703 758 ἄθελφην
719 687 886 752 ὑπολαβόντα
903 689 949 743 rds
963 689 1042 760 κθραο
1054 687 1091 742 ris
1102 688 1148 743 τὸν
1159 686 1189 740 ἐν
1200 685 1359 756 Χιῤῥονήσῳ
1370 687 1463 740 πόλεις

302 759 473 826 taramriam·
492 757 649 828 ιαλτήνμῦν
666 757 777 828 turpato
803 758 811 776 '
841 758 1001 828 νΠαρθένον
1017 758 1046 811 ἐν
1064 757 1210 828 Βουβάστῳ
1227 759 1273 824 τῆς
1289 754 1461 828 Χεῤῥονὴσου

301 828 378 896 πιμθο
389 829 459 900 ἵχιιν
470 829 511 882 rol
523 827 636 898 τέμενος.
672 780 870 884 Mulsum&
882 831 918 884 ris
930 830 1070 894 Κάσταβον
1085 828 1218 883 ι’λθοῦσαν
1233 827 1276 881 διὰ
1291 829 1339 896 τὴν
1350 827 1403 881 ἀπὸ
1415 829 1462 894 τῆς

302 901 371 952 Θεοῦ
382 897 521 970 γινομίνην
531 899 683 970 impilm
697 897 822 970 Ἢμιθίαν
838 899 987 970 ὠνομάσθαι
1004 901 1045 953 rial
1060 898 1185 970 τιμᾶσθαι
1200 899 1271 969 παρὰ
1285 901 1353 953 πᾶσι
1365 897 1462 954 τοῖσίν

302 967 439 1040 xrppovia
460 1009 468 1027 .

339 991 528 1110 Etiamq’apud
545 1039 728 1096 Parthenium
744 1042 822 1096 Erot.
834 1040 842 1094 i
863 1039 1019 1096 Hemithea
1034 1050 1062 1096 et
1076 1041 1178 1095 Rhoeo
1189 1039 1327 1109 Staphyli,
1341 1040 1460 1094 Baccho

302 1110 451 1181 progeniti,
474 1111 548 1167 tiliae
569 1111 702 1167 dicuntur
722 1122 750 1167 et
771 1112 800 1166 in
822 1113 950 1166 Bubasto
970 1111 1071 1167 Cariae
1092 1111 1238 1166 habitasse
1249 1130 1258 1176 3
1283 1126 1459 1181 quamquam
1517 1175 1521 1178 ,

302 1191 397 1236 cetera
415 1198 473 1236 non
491 1192 658 1252 congruunt,
676 1199 741 1237 cum
762 1181 946 1237 Hemitheam
965 1193 1047 1253 pater
1060 1183 1151 1251 Lyrco
1170 1181 1249 1236 ebrio
1267 1181 1459 1236 concubinam

301 1251 407 1320 fecerit,
435 1253 528 1323 deque
555 1268 591 1308 eo
619 1252 771 1310 concubitu
801 1251 899 1308 inuida
925 1254 1027 1308 Rhoeo
1054 1263 1201 1323 tamquam
1228 1252 1334 1306 sororis
1361 1251 1458 1306 riualis

302 1323 459 1378 inducatur.
498 1323 556 1379 Sed
572 1323 692 1378 diuersis
709 1323 803 1378 modis
818 1323 944 1378 fabulam
960 1333 1104 1379 narratam
1123 1323 1211 1378 fuisse
1230 1323 1291 1392 ipse
1311 1321 1458 1376 Diodorus

301 1402 439 1450 testatur:
470 1394 553 1449 nobis
571 1394 742 1450 eliciendum
763 1395 907 1465 quomodo
926 1411 990 1448 eam
1012 1393 1066 1450 sibi
1091 1394 1212 1464 scriptor
1233 1393 1323 1448 Ibidis
1345 1409 1459 1474 reprae-

302 1465 427 1520 sentarit.
457 1466 534 1520 Nam
545 1465 730 1520 Hemitheam
743 1464 859 1534 intelligi
875 1464 1011 1534 Lydiam
1024 1464 1187 1534 uirginem
1200 1481 1235 1519 eo
1247 1465 1278 1519 fit
1291 1463 1350 1518 ueri
1364 1463 1458 1518 simile

302 1536 380 1606 quod
394 1537 585 1592 Leucotheam
598 1553 696 1591 uersus
715 1535 843 1605 proxime
855 1535 1028 1590 antecedens
1042 1536 1126 1604 (unus
1139 1536 1192 1604 498
1204 1533 1388 1604 interpositus
1401 1534 1457 1603 est)

302 1607 408 1662 habet:
434 1608 597 1663 Leucothea
616 1616 712 1662 autem
731 1616 759 1661 et
780 1606 936 1661 Hemithea
954 1605 994 1661 ita
1012 1606 1085 1661 inter
1103 1622 1135 1660 se
1154 1615 1340 1660 conectuntur
1358 1615 1389 1660 ut
1413 1603 1458 1658 in·

301 1678 414 1732 terdum
438 1688 501 1733 utro
522 1695 557 1733 ue
579 1677 694 1732 nomine
715 1694 772 1732 una
794 1676 952 1745 denotetur,
977 1677 1054 1732 uelut
1074 1675 1163 1731 Tenis
1188 1693 1268 1731 soror
1293 1676 1395 1745 (Tzetz.
1417 1676 1458 1730 ad

303 1751 370 1817 Lyc.
391 1763 451 1818 232,
474 1750 512 1803 Sc
534 1749 569 1804 ol
597 1750 628 1803 ll.
649 1747 666 1802 i.
693 1747 747 1816 38),
773 1747 924 1816 interdurn,
948 1748 1025 1802 iacta
1049 1746 1164 1802 alterius
1189 1745 1341 1814 mentione,
1367 1747 1458 1800 altera

302 1829 443 1890 sequatur,
469 1820 545 1874 uelut
570 1835 614 1889 ap.
642 1820 707 1887 Lyc.
734 1833 794 1887 229,
820 1833 872 1886 232
897 1818 945 1872 ubi
973 1827 1037 1887 post
1067 1817 1214 1872 inductum
1245 1818 1457 1884 Palaemonem,

303 1890 482 1945 Leucotheae
498 1889 594 1958 filium,
611 1889 745 1944 transitus
765 1889 796 1944 fit
815 1890 853 1943 ad
866 1891 965 1944 Tenen
980 1887 1229 1958 Hemitheamque.
1268 1888 1350 1942 Idem
1369 1885 1457 1942 etiam

301 1959 369 2014 alibi
386 1960 470 2015 iecit:
490 1959 532 2013 sic
548 1959 695 2029 aCrotopi
715 1959 772 2013 filio
791 1960 862 2013 Lino
880 1959 1015 2014 transitus
1035 1959 1065 2013 fit
1083 1959 1122 2013 ad
1139 1959 1243 2028 Oeagri
1258 1958 1458 2029 Calliopesque

301 2047 403 2084 nurum
422 2029 602 2100 Eurydicen:
628 2031 757 2100 Oeagrus
777 2040 873 2085 autem
892 2039 920 2085 et
941 2029 1069 2099 Calliope
1089 2029 1191 2083 Linum
1210 2039 1238 2084 et
1258 2030 1374 2100 Orphea
1392 2046 1457 2099 pro·

301 2111 458 2170 genuerunt
472 2100 509 2169 (A
530 2101 615 2155 ollod.
629 2101 646 2156 i.
661 2116 684 2170 3.
699 2101 734 2169 2).

324 2174 443 2227 Versus
458 2117 547 2227 Ibidis
559 2170 589 2226 hi
602 2182 667 2226 sunt

516 2241 597 2297 Lidia
616 2259 647 2298 se
665 2243 789 2313 scopulis
809 2252 839 2296 ut
857 2241 900 2296 uir
920 2259 937 2296 o
956 2241 1032 2297 misit
1051 2242 1087 2296 ab
1107 2242 1171 2296 altis

552 2313 669 2369 Dixerat
682 2313 788 2368 inuicto
802 2259 918 2382 (inuitoi
927 2329 1000 2383 quae
1012 2314 1089 2367 mala
1102 2313 1191 2368 uerba
1203 2313 1264 2368 deu.

301 2385 349 2440 Ad
361 2401 434 2455 quae
453 2385 547 2440 Schol.
563 2385 585 2439 C
604 2393 632 2439 et
651 2384 713 2439 Aslr
730 2385 832 2438 Lidrae
850 2385 980 2455 uirgines
996 2385 1123 2439 conuitio
1135 2382 1246 2438 Baccho
1259 2386 1418 2455 ingerentes
1428 2390 1459 2438 et

292 2457 404 2526 J'estum
422 2457 483 2510 eius
496 2455 684 2526 profanantes
695 2456 817 2509 nimium
831 2458 917 2525 potae
928 2455 963 2508 de
974 2455 1095 2524 quodam
1109 2460 1202 2508 monte
1214 2457 1456 2525 praecipitarunt,

302 2532 336 2581 ut
353 2528 398 2581 ait
416 2527 539 2582 Gallus:
557 2526 633 2581 unde
653 2524 734 2596 quasi
753 2541 787 2580 ex
805 2525 884 2580 sumo
903 2525 1025 2580 scintilla
1044 2525 1185 2595 quaedam
1204 2527 1337 2595 perlucet.
1377 2527 1456 2579 Nam

301 2597 378 2668 quod
403 2597 472 2652 dixit
497 2598 632 2668 uirgines,
657 2614 714 2651 non
739 2598 890 2668 uirginem,
914 2596 989 2651 bene
1013 2595 1051 2650 ad
1076 2595 1261 2651 Hemitheam
1290 2605 1318 2650 et
1343 2613 1456 2650 sorores

300 2669 425 2724 reseras:
445 2683 498 2723 nec
516 2668 591 2722 male
608 2669 716 2722 inuicto
733 2668 783 2721 deo
801 2667 837 2720 de
856 2667 972 2721 Baccho
990 2665 1191 2736 interpreteris,
1210 2667 1245 2721 ci.
1263 2668 1330 2720 Eur.
1349 2668 1453 2721 Bacch.

300 2751 352 2808 975
373 2741 387 2790 θ
405 2738 516 2806 νικήσων
534 2737 557 2792 δ’
575 2738 626 2808 ἐγὼ
645 2739 695 2791 Kal
712 2740 823 2806 Βρόμιος
839 2736 924 2800 ἔσται,
940 2749 991 2805 777
1009 2738 1136 2792 Διόνυσοι
1157 2737 1249 2807 ἥσσων
1267 2737 1371 2792 οὐδενὸς
1391 2737 1457 2790 θεῶν

300 2811 361 2879 ἔφυ,
376 2810 502 2864 Macrob.
517 2808 533 2864 i.
551 2823 582 2879 19
589 2809 721 2881 plerique
732 2808 867 2862 Liberum
882 2825 946 2862 cum
959 2809 1058 2863 Morte
1072 2808 1256 2878 coniungunt,
1270 2824 1360 2862 unum
1372 2808 1456 2862 deum

299 2897 356 2934 esse
374 2885 582 2934 monstrantes:
599 2881 673 2934 unde
690 2879 819 2934 Bacchus
835 2876 969 2933 Ἐνυάλιος
985 2879 1227 2949 cognominatur.
1247 2919 1254 2935 .
1272 2918 1279 2934 .
1299 2895 1416 2932 necnon
1427 2885 1457 2932 et

300 2951 381 3006 calor
402 2952 474 3020 uini,
498 2952 580 3005 cuius
603 2951 689 3005 Liber
706 2954 793 3021 pater
815 2954 986 3017 auctorest,
1015 2952 1096 3019 saepe
1118 2948 1243 3003 homines
1267 2949 1308 3004 ad
1319 2950 1455 3019 furorem

300 3022 429 3076 bellunm
442 3038 529 3092 usque
536 3022 677 3093 propellit
689 3063 695 3076 .
709 3059 716 3074 .
730 3058 737 3074 .
749 3021 831 3074 Hinc
841 3022 927 3074 ettam
939 3019 1027 3073 Liber
1031 3023 1120 3090 pater
1130 3019 1265 3074 bellorum
1275 3023 1375 3091 poteras
1386 3023 1455 3090 pro-

300 3092 393 3159 batur,
405 3093 484 3161 quod
491 3109 555 3146 eum
562 3094 693 3162 primum
705 3091 854 3146 ediderunt
864 3096 1005 3144 auctorem
1017 3090 1167 3161 triumplu.

338 3163 401 3215 Iam
419 3161 535 3216 attende
548 3179 634 3232 quam
647 3162 744 3217 dextre
762 3161 916 3216 narrationi
931 3160 1050 3214 Diodori
1070 3167 1171 3230 poetae
1190 3161 1278 3215 uerba
1294 3178 1325 3216 se
1341 3178 1453 3216 accom-

301 3232 426 3286 modent.
465 3234 531 3285 Non
545 3232 621 3286 enim
634 3241 741 3288 temere
757 3248 794 3287 ne
810 3231 878 3286 illud
894 3231 1009 3302 quidem
1026 3230 1130 3286 accidit
1147 3231 1224 3301 quod
1242 3231 1337 3301 uirgo
1354 3231 1383 3286 iu
1399 3233 1454 3286 hoc

300 3319 357 3358 uno
374 3318 458 3356 uersu
477 3301 566 3357 Ibidis
583 3301 719 3372 scriptum
736 3313 787 3358 est.
826 3302 896 3372 Quis
911 3302 987 3357 enim
1005 3301 1117 3357 dubitet
1134 3302 1317 3357 Hemitheam
1334 3320 1352 3357 a
1369 3309 1454 3372 poeta

301 3373 474 3442 Parthenon,
492 3389 550 3427 non
571 3373 757 3442 Molpadiam,
776 3372 939 3443 designari?
979 3373 1058 3427 Sane
1082 3373 1226 3427 Diodorus
1245 3373 1330 3427 tradit
1351 3373 1452 3428 Hemi-

300 3445 384 3499 theae
396 3443 512 3498 nomine
526 3443 703 3514 Molpadiam
716 3443 871 3499 uocitatam
886 3443 992 3510 fuisse;
1011 3443 1063 3498 sed
1075 3442 1152 3498 idem
1165 3443 1276 3498 addidit
1290 3445 1452 3498 Parthenon

300 3517 332 3569 in
352 3515 476 3569 Bubasto
497 3515 591 3569 lucum
613 3515 718 3570 habere
740 3524 768 3570 et
785 3517 876 3569 cultus
894 3514 1024 3569 diuinos:
1052 3515 1128 3568 unde
1147 3514 1247 3569 credas
1267 3514 1452 3570 Hemitheam

301 3585 468 3640 Bubastiam
480 3585 587 3654 (Parth.
599 3587 677 3641 Erot.
688 3584 708 3654 i)
719 3586 806 3640 modo
818 3585 909 3654 huius,
924 3585 1010 3639 modo
1023 3584 1106 3639 huius
1119 3601 1271 3654 personam
1284 3585 1452 3654 suscepisse.

301 3655 386 3726 Quod
398 3655 522 3725 uirgines
536 3655 680 3710 Diodorus
696 3655 782 3711 tradit
799 3666 878 3711 metu
890 3654 1041 3726 repertoris
1055 3655 1184 3725 Staphyli
1198 3672 1229 3710 se
1241 3655 1452 3726 praecipitasse,
1501 3717 1507 3726 ⁵

299 3734 386 3797 poeta
403 3737 518 3797 propter
536 3726 647 3796 ingesta
669 3727 784 3782 Baccho
805 3726 943 3795 conuicia,
966 3725 1046 3781 uides
1066 3743 1156 3796 parua
1177 3743 1240 3780 esse
1260 3725 1362 3796 quibus
1381 3743 1400 3781 a
1421 3743 1452 3780 se

300 3798 440 3866 differant,
450 3815 537 3851 unum
548 3797 624 3879 quod
637 3798 776 3853 ambobus
784 3797 820 3852 sit
833 3813 983 3851 commuue
996 3797 1025 3851 in
1040 3813 1075 3851 eo
1088 3796 1159 3851 uerti
1172 3795 1276 3865 omnia,
1290 3807 1320 3852 ut
1330 3814 1452 3868 poenam

299 3868 443 3924 sororibus
456 3868 578 3923 intulerit
593 3867 616 3923 is
629 3885 647 3923 a
659 3885 716 3939 quo
728 3867 826 3922 uinum
838 3877 980 3938 repertum
993 3875 1044 3922 est.

337 3939 521 3995 Hemitheam
534 3940 656 4008 Lydiam
669 3954 771 3994 uocare
782 3938 886 4008 duplici
900 3938 986 3992 modo
999 3937 1099 4007 potuit,
1109 3937 1170 3992 siue
1180 3937 1257 4008 quod
1269 3937 1326 3991 hoc
1337 3934 1452 3990 nomine

300 4011 385 4066 urbes
402 4009 520 4065 Caricae
538 4026 752 4080 nonnumquam
770 4009 956 4078 designantur
974 4018 1004 4063 ut
1020 4009 1129 4063 Tralles
1148 4025 1193 4079 ap.
1213 4008 1313 4077 Steph.
1332 4009 1407 4076 Byr,
1424 4016 1452 4062 et

299 4081 377 4151 quod
395 4080 569 4135 Maeandrus
588 4090 737 4151 utramque
753 4079 900 4150 regionem
918 4080 1061 4149 Lydorum
1077 4095 1112 4133 ac
1129 4080 1234 4134 Carum
1252 4078 1374 4149 perfluit,
1391 4077 1452 4132 siue

300 4151 407 4207 Bacchi
426 4160 566 4222 respectu,
584 4151 664 4205 cuius
683 4153 782 4219 cultus,
800 4161 830 4205 ut
849 4150 949 4205 uitium
967 4149 1119 4219 repertoris
1138 4166 1172 4204 ac
1191 4148 1258 4218 uini,
1275 4149 1314 4205 ad
1332 4148 1451 4217 Lydiam

299 4222 414 4292 saepius
426 4223 552 4277 refertur.
586 4221 634 4276 Sic
648 4223 716 4276 Eur.
730 4224 814 4276 Bacc.
828 4237 858 4289 13
872 4221 1003 4275 Bacchus
1016 4220 1052 4276 de
1065 4237 1096 4275 se
1110 4219 1208 4276 diceus
1221 4223 1309 4274 Λιπὼν
1321 4219 1350 4273 δὲ
1363 4219 1453 4272 Λυδῶν

298 4293 359 4348 τοῦς
378 4291 564 4362 πολυχρύσους
580 4291 652 4363 γύας,
676 4305 706 4362 55
727 4293 857 4347 Bacchas
879 4293 1026 4362 alloquens
1046 4288 1130 4358 Ἀλλ’,
1150 4290 1169 4344 ὦ
1190 4292 1317 4345 λιποῦσαι
1335 4292 1452 4359 Τμῶλον,

298 4363 379 4432 ἔρυμα
398 4363 500 4428 Λυδίας,
513 4365 612 4418 stauos
627 4363 697 4431 ἐμὸς,
708 4366 842 4435 munires:
865 4363 906 4417 sic
920 4362 956 4418 de
974 4379 1005 4418 se
1024 4361 1093 4432 ipsis
1107 4362 1238 4416 Bacchae
1251 4361 1286 4428 64
1298 4359 1390 4416 Ἀσίας
1401 4359 1452 4415 ἀπὸ

298 4433 373 4504 γαίας
392 4430 472 4556 Ἰιμθν
492 4436 602 4501 Τμῶλον
621 4432 759 4504 ἀμείψασα
780 4434 863 4500 θοάζω
884 4433 987 4503 Βρομίῳ
1007 4434 1087 4488 πόνον
1108 4430 1179 4500 idcir,
1198 4432 1234 4486 cs.
1257 4444 1325 4500 1533
1352 4431 1395 4486 sic
1415 4431 1452 4486 de

300 4503 415 4557 Baccho
449 4504 569 4558 cutheus
581 4504 655 4570 ξένος
666 4506 739 4571 rinc,
747 4504 846 4629 ἐπγθὸι
858 4504 952 4560 Λυδίας
963 4503 1014 4559 ἀπὸ
1026 4501 1129 4574 χθονός.
1149 4503 1197 4558 Sic
1208 4502 1354 4572 Diogenes
1367 4502 1451 4571 tragi-

299 4590 349 4630 cus
367 4591 413 4644 ap.
426 4574 531 4630 Athen.
544 4574 597 4644 636
610 4573 688 4629 Κλῦω
707 4577 736 4629 δὲ
748 4583 786 4629 hv
803 4576 833 4631 ὰι
845 4577 956 4646 Βακχιάι
967 4596 995 4630 τε
1011 4573 1154 4644 παρθένους
1171 4573 1241 4628 dixit
1253 4591 1260 4642 ;
1288 4573 1329 4628 sic
1344 4573 1451 4629 Statius
