3296 5210
329 429 386 486 160
734 427 1081 490 COMMENTARIVS.

324 581 448 652 ε’μήσοτο.
485 589 532 636 ll'l.
547 581 637 650 Ὠμοι.
655 584 744 653 φρονῶ
763 583 794 651 δὴ
813 581 940 652 δοίμον’ἧ
955 581 981 649 μ’
996 581 1125 637 ἀπώλεσε.
1162 589 1233 636 APT.
1253 583 1333 651 Τιμῆς
1350 583 1488 652 ἐμέμφθη,

326 655 506 723 σωφρονοῦντι
518 649 541 706 δ’
554 653 657 723 ἤχθετο.
727 658 936 710 moribundus
954 654 991 708 de
1009 669 1044 707 eo
1063 652 1165 707 dicitur
1182 652 1229 722 qui
1247 653 1371 721 grauiter
1384 656 1487 710 uulne-

325 735 403 778 ratus
420 734 540 779 mortem
553 734 613 778 toto
625 741 742 794 corpore
755 725 874 795 accepit.
912 724 969 779 Cic.
985 725 1059 778 Sest.
1072 723 1161 778 xxxix.
1175 724 1208 793 85
1227 724 1374 777 tribunum
1389 726 1488 794 plebis

320 796 391 918 plus
402 797 513 866 uiginti
523 796 689 850 uulneribus
704 799 823 867 acceptis
839 798 972 850 iacentem
991 795 1245 863 moribundumque
1262 796 1382 849 urde'stis.
1423 796 1486 850 Sed

347 865 372 919 ic
394 867 513 920 fortasse
534 875 660 935 praestat
681 867 757 936 quod
776 867 862 920 habet
882 868 907 919 T
926 867 1085 918 moriturus
1096 867 1125 920 h.
1135 882 1158 920 e.
1173 864 1217 919 cui
1237 865 1350 919 inlatis
1370 876 1431 920 erat
1451 877 1485 921 ut

325 947 487 991 moreretur.
560 940 629 992 578.
647 939 732 991 Exul
753 937 781 991 in
803 935 917 991 exilium
937 946 1016 990 actus
1039 946 1154 1005 propter
1175 934 1351 1006 suspiciones
1374 936 1483 991 Thesei

327 1006 413 1076 Hipp.
438 1007 601 1076 1048-1050,
625 1020 699 1077 1125.
771 1011 924 1075 attonItls,
944 1005 1093 1074 exterritis,
1111 1006 1233 1076 primurn
1254 1006 1348 1060 sonitu
1370 1008 1483 1062 subter·

324 1093 420 1145 raneo,
434 1076 537 1132 deinde
556 1077 662 1146 ingenti
679 1079 766 1132 fluctu
781 1096 815 1132 ex
828 1095 885 1148 quo
897 1088 993 1133 taurus
1007 1077 1146 1146 prouenit,
1158 1087 1303 1145 postremo
1321 1076 1432 1146 mugitu
1452 1089 1482 1134 et

324 1147 485 1216 praesentia
503 1147 576 1202 tauri
591 1148 691 1218 (Hipp.
708 1147 885 1216 1201-1217).
957 1151 1128 1202 excutiaris
1142 1147 1226 1216 ‘may
1238 1164 1294 1216 you
1312 1147 1348 1201 be
1368 1149 1482 1204 dashed

324 1226 354 1272 to
372 1219 421 1273 the
439 1218 566 1288 ground!
609 1221 680 1274 Aen.
699 1238 724 1274 x.
746 1232 797 1288 590
815 1221 983 1272 Excussus
1002 1235 1090 1272 curru
1109 1217 1327 1272 moribundus
1347 1219 1484 1274 uoluitur

323 1290 412 1343 aneis.
485 1292 553 1344 579.
572 1291 706 1355 Propter
721 1307 796 1355 opes
813 1305 951 1354 magnas
981 1291 1047 1343 Eur.
1063 1291 1135 1343 Hec.
1152 1303 1184 1341 ro
1201 1289 1292 1341 Πολὺν
1307 1287 1335 1342 δὲ
1354 1289 1404 1342 σὺν
1422 1291 1482 1358 ἐμοὶ

324 1358 1481 1500 777577777777777ἰ7ῗῖ’..1107ῖὲ779...573573

325 1501 402 1558 Ξένον
419 1502 537 1570 πατρῷον
557 1504 598 1554 καὶ
615 1504 712 1556 κτανὼν
724 1502 751 1557 r’s
769 1444 834 1571 aiiii
847 1502 910 1556 ἁλὸς
923 1453 1065 1570 Mediyyiii'i’
1078 1501 1153 1555 οὗτὸς
1168 1501 1268 1570 χρυσὸν
1279 1501 1308 1554 ἐν
1320 1453 1480 1572 oopotitiy.

324 1573 447 1640 hospes,
470 1573 667 1641 Polymnestor
692 1571 736 1626 cui
760 1571 887 1626 Priamus
914 1571 1086 1640 Polydorum
1108 1571 1287 1625 educandum
1312 1572 1477 1628 tradiderat.

323 1645 395 1697 580.
414 1645 551 1708 exiguas
593 1643 670 1697 Hinc
688 1642 839 1712 suspiceris
854 1642 944 1696 lbidis
962 1643 1088 1696 fortunas
1107 1658 1165 1696 non
1184 1641 1224 1697 ita
1242 1659 1362 1710 magnas
1381 1643 1478 1698 luisse.

325 1715 393 1768 581.
411 1729 467 1767 sex
479 1729 551 1768 oum
563 1716 830 1769 Damasichthone
840 1716 958 1781 hstiis,
972 1712 1043 1767 filios
1058 1711 1176 1767 Niobes.
1214 1714 1304 1766 Erant
1320 1715 1478 1768 secundum

323 1783 453 1852 Apollod.
469 1783 506 1838 iii.
523 1796 545 1854 ς.
562 1797 575 1854 5
594 1784 707 1853 Sipylus
726 1783 853 1853 Minytus
872 1784 1051 1854 (Eupinytus
1063 1785 1138 1852 Hyg.
1156 1782 1198 1852 11)
1214 1785 1344 1838 Ismenus
1361 1785 1479 1853 Agenor

325 1853 483 1922 (Archenor
502 1852 589 1924 Hyg.)
611 1854 782 1909 Phaedimus
802 1856 948 1910 Tantalus.
989 1856 1053 1908 Hos
1076 1863 1186 1922 septem
1204 1855 1307 1924 Apollo
1327 1852 1477 1924 interiecit,

323 1940 435 1978 sorores
448 1934 476 1978 et
489 1924 566 1994 ipsas
579 1935 689 1995 septem
703 1925 807 1994 Diana,
821 1925 887 1996 quia
901 1925 995 1979 Niobe
1008 1923 1180 1979 fecunditate
1194 1941 1224 1978 se
1236 1941 1335 1993 parem
1349 1927 1477 1981 Latonae

324 1993 440 2048 dixerat.
480 1996 623 2049 Homerus
644 1997 677 2050 ll.
696 1995 767 2050 xxiv.
781 1997 832 2050 602
857 1995 901 2050 bis
927 2013 976 2050 sex
1001 1995 1105 2049 liberos
1126 1994 1239 2050 Niobae
1261 1995 1368 2064 tribuit,
1392 1997 1477 2050 Mim-

323 2081 438 2118 nermus
457 2075 485 2119 et
505 2065 645 2120 Pindarus
663 2066 707 2120 bis
725 2067 834 2134 decern,
853 2066 900 2121 alii
918 2066 1000 2121 aliter
1020 2064 1161 2135 (Apollod.
1182 2067 1202 2144 1.ἱ
1213 2082 1238 2120 c.
1251 2066 1314 2120 Ael.
1327 2067 1362 2121 V.
1378 2069 1415 2120 H.
1430 2067 1476 2123 xii.

324 2133 380 2203 36).
494 2139 563 2190 588.
583 2140 725 2204 Addidit,
746 2148 850 2192 mortes
872 2137 1024 2192 liberorum
1044 2135 1197 2190 cumulauit
1219 2153 1279 2203 sua,
1299 2135 1477 2206 ‘completed

323 2207 371 2259 the
390 2206 446 2260 tale
466 2206 498 2259 os
512 2207 557 2261 his
576 2207 724 2262 children's
743 2209 845 2263 deaths
864 2208 902 2277 by
916 2207 961 2262 his
980 2209 1059 2261 own.'
1098 2209 1129 2261 F.
1143 2206 1179 2260 vi.
1192 2208 1244 2277 798
1260 2210 1363 2278 coeptis
1381 2210 1478 2262 addite

322 2293 434 2330 summa
458 2279 532 2332 meis.
612 2281 728 2333 fidlosn
751 2278 906 2349 Amphion,
929 2277 1047 2332 maritus
1074 2277 1191 2332 Niobes.
1272 2294 1331 2333 sua
1354 2281 1476 2349 fimena.

325 2348 393 2401 Met.
415 2346 451 2402 vi.
473 2361 522 2414 271
546 2349 624 2402 Nam
644 2352 732 2419 pater
750 2349 905 2420 Amphion,
942 2366 1006 2402 erro
1024 2353 1079 2418 per
1096 2352 1194 2419 pectus
1215 2349 1321 2416 adada
1343 2350 1478 2404 Finierat

323 2419 446 2471 moriens
458 2421 575 2489 pariter
588 2437 652 2474 cum
671 2421 731 2474 luce
748 2421 878 2474 delorem.
939 2419 976 2474 ed
995 2418 1127 2488 Hyginus
1145 2434 1163 2488 9
1181 2420 1264 2474 docet
1282 2420 1476 2489 Amphionem

323 2505 388 2542 curn
401 2490 538 2560 ternplum
551 2489 691 2560 Apollinis
704 2507 864 2560 expugnare
878 2491 962 2544 uellet
975 2490 1012 2544 ab
1024 2489 1156 2560 Apolline
1169 2489 1279 2558 sagittis
1296 2490 1476 2546 interfectum

323 2576 394 2614 esse.
496 2563 566 2615 584.
585 2565 671 2616 iusta
689 2560 915 2628 ‘well-mented'
932 2560 1027 2630 qualia
1045 2571 1073 2615 te
1092 2560 1185 2614 subire
1203 2577 1255 2630 par
1272 2571 1324 2628 est,
1344 2561 1392 2631 qui
1411 2562 1475 2616 talis

325 2629 373 2683 sis.
405 2630 485 2685 Pont.
501 2631 536 2685 iv.
553 2643 591 2700 15.
609 2647 651 2701 29,
667 2646 702 2700 30
714 2633 757 2686 Et
769 2633 860 2702 pudet
871 2637 899 2685 et
910 2637 1002 2685 metue
1014 2635 1174 2702 semperque
1190 2632 1338 2701 eademque
1351 2635 1475 2702 precari,

322 2701 369 2755 Ne
386 2701 503 2755 subeant
519 2705 615 2756 animo
633 2702 744 2756 taedia
761 2701 851 2757 iusta
870 2709 927 2757 tuo.
1029 2706 1099 2757 585.
1119 2718 1207 2756 soror
1225 2704 1352 2766 Pelopis
1371 2703 1474 2773 Niobe,

322 2771 436 2825 Tantali
450 2772 514 2827 filia.
587 2790 670 2828 saxo
709 2775 784 2842 Hyg.
804 2788 822 2842 9
840 2775 885 2828 At
900 2774 1033 2844 genitn'x
1051 2773 1147 2827 liberis
1166 2773 1232 2826 orba
1243 2773 1343 2841 stende
1362 2774 1475 2845 lapidea

315 2841 399 2911 facta
420 2859 476 2896 esse
494 2844 603 2898 dicitur
620 2846 652 2897 in
673 2850 765 2897 monte
782 2844 892 2913 Sipylo,
912 2846 1026 2913 eiusque
1044 2843 1125 2898 hodie
1143 2844 1277 2897 lacrimae
1296 2861 1415 2898 manare
1433 2846 1475 2898 di·

322 2919 436 2966 cuntur.
463 2914 495 2968 ll.
503 2914 636 2981 xxiv.614
646 2917 702 2967 Νῦν
712 2913 741 2968 δέ
752 2936 802 2968 που
812 2917 839 2968 ἐν
850 2915 983 3002 πέτρῃσιντ
991 2914 1019 2968 ἐν
1028 2917 1132 2983 οὔρεσιν
1141 2911 1362 2982 οἷοπόλοισιν,Ἐν
1371 2914 1475 2988 Σιπύλῳ
1506 2913 1508 2918 ’

323 2982 364 3036 ὅθι
381 2983 450 3053 φασὶ
463 2983 545 3038 θεάων
557 2985 660 3054 ἔμμονοι
677 2984 749 3039 εὐνὰς
762 2986 904 3056 Νυμφάων,
918 2981 946 3038 αἵ
958 3008 975 3038 τ
994 2983 1060 3055 ἀμφ’
1072 2986 1213 3054 Ἀχελῶιον
1225 2983 1474 3053 ε’ῤῥὼσονσο,”Ενθα

323 3051 383 3107 θεός
399 3075 449 3121 περ
466 3055 547 3108 ἐοῦσα
566 3054 630 3108 θεῶν
642 3055 670 3108 ἐκ
689 3054 765 3123 κήδεα
783 3055 888 3110 πέσσει.
958 3059 1076 3111 oborto.
1111 3057 1151 3110 Μ.
1164 3075 1191 3109 ν.
1205 3071 1256 3109 202
1272 3055 1401 3126 Gorgone
1412 3073 1474 3110 con·

323 3127 415 3193 specta
434 3141 502 3177 saxo
520 3127 661 3179 concreuit
677 3126 779 3194 oborto,
792 3145 816 3180 x
830 3127 864 3193 67
877 3143 946 3180 saxo
959 3129 1017 3196 per
1032 3129 1132 3196 corpus
1150 3126 1243 3180 oborto
1256 3124 1309 3195 ‘by
1327 3143 1345 3181 a
1363 3127 1474 3182 sudden

323 3194 432 3261 growth
451 3195 484 3247 of
498 3198 596 3250 stone)
675 3199 746 3250 586.
764 3201 882 3263 lingua.
920 3199 998 3252 Lact.
1013 3199 1124 3251 Narrat.
1139 3195 1167 3250 ii.
1184 3212 1211 3250 11
1227 3196 1333 3267 Apollo
1350 3197 1431 3252 Iouis
1449 3204 1476 3252 et

322 3263 450 3316 Latonae
461 3265 548 3334 filius
564 3283 627 3319 cum
644 3270 731 3336 pecus
748 3268 867 3322 Admeti
882 3268 1011 3322 Pheretis
1023 3269 1088 3337 filii
1102 3271 1237 3338 pasceret,
1250 3268 1370 3336 fistulae
1387 3274 1474 3322 cantu

322 3333 502 3387 solitudinem
510 3339 668 3407 protegens,
678 3338 759 3391 boues
769 3341 830 3392 eius
842 3341 873 3392 in
886 3355 970 3408 agros
978 3339 1078 3409 Pyliae
1090 3340 1214 3408 regionis
1223 3341 1387 3409 progressae
1397 3344 1474 3408 sunt,

323 3421 394 3473 quas
406 3405 570 3460 Mercurius
581 3410 689 3461 auertit
698 3414 727 3461 et
737 3411 768 3462 in
779 3410 857 3463 silua
869 3409 999 3463 occubuit.
1026 3409 1103 3478 quod
1111 3426 1174 3462 cum
1185 3409 1291 3462 Battus
1302 3409 1388 3463 Nelei
1388 3411 1475 3479 filius

322 3491 408 3543 equas
416 3479 536 3544 pascens
551 3479 675 3547 atdztset,
687 3480 852 3533 Mercun'us
863 3497 930 3534 uero
942 3485 977 3534 ut
986 3481 1124 3534 indicium
1132 3484 1280 3549 premeret,
1292 3497 1329 3532 ex
1338 3482 1475 3534 arnuntis

314 3545 554 3615 formosissimam
567 3565 680 3602 uaccam
692 3551 720 3602 ei
729 3553 865 3604 concessit.
884 3591 886 3595 ,
903 3557 935 3604 at
950 3551 999 3604 ille
1015 3551 1168 3604 discedenti
1182 3551 1339 3620 affirmauit
1350 3551 1474 3620 lapidem

318 3618 486 3686 proximum
498 3635 579 3687 quem
592 3620 709 3673 uidisset
722 3621 839 3675 celem'us
854 3639 940 3691 quam
956 3623 1149 3691 nequicquam
1166 3622 1370 3674 indicaturum.
1406 3622 1474 3674 deus

323 3703 390 3740 uero
403 3694 437 3741 ut
448 3691 578 3743 mortalis
581 3691 669 3760 fidem
683 3692 865 3760 experiretur,
875 3693 977 3762 paullo
984 3696 1052 3761 post
1063 3697 1175 3744 mutata
1186 3694 1287 3762 figura
1304 3692 1345 3745 ad
1356 3693 1474 3746 eundem

322 3775 453 3813 reuersus
470 3765 518 3828 est,
536 3761 739 3830 simulauitque
755 3779 784 3814 se
801 3764 920 3816 amusos
937 3763 1018 3816 boues
1034 3779 1174 3832 quaerere,
1188 3769 1215 3816 et
1228 3763 1391 3832 praemium
1407 3767 1474 3832 pro-

322 3830 402 3883 misit
412 3832 441 3883 si
449 3831 671 3886 demonstrasset.
701 3838 733 3885 at
744 3833 794 3887 ille
805 3850 867 3886 cum
879 3833 930 3886 sub
941 3851 996 3902 quo
1008 3839 1100 3886 monte
1107 3837 1294 3903 pascerentur
1304 3834 1473 3901 ostendisset,

322 3901 487 3954 Mercurius
503 3901 626 3972 perfidia
646 3904 708 3955 eius
728 3904 847 3972 offensus
868 3902 900 3956 in
925 3903 1071 3972 lapidem
1096 3921 1169 3958 eum
1194 3903 1343 3970 mutauit,
1364 3905 1417 3973 qui
1439 3904 1474 3956 ab

322 3977 425 4024 euentu
444 3971 541 4025 index
559 3974 634 4025 circa
652 3973 756 4053 Pylum
775 3980 902 4027 uocatur.
940 3973 1098 4028 Historiam
1116 3984 1231 4029 narrant
1249 3973 1369 4028 Ouidius
1390 3976 1431 4028 M.
1444 3973 1473 4028 ii.

323 4041 454 4109 683-707,
471 4045 537 4096 Ant.
557 4041 693 4096 Liberans
710 4043 784 4112 xxiii,
798 4043 844 4114 qui
863 4045 935 4099 inter
952 4055 1081 4098 auctores
1098 4044 1225 4099 nominat
1245 4043 1423 4098 Nicandrum
1443 4043 1472 4098 in

324 4111 569 4181 HeteroeumeniS,
587 4113 746 4167 Hesiodum
765 4113 793 4167 in
811 4115 906 4184 Eoeis,
919 4115 1100 4185 Apollonium
1117 4115 1262 4168 Rhodium
1279 4114 1307 4168 in
1321 4115 1472 4184 Epigram-

322 4181 454 4238 matibus.
498 4187 620 4238 Battus.
649 4185 739 4238 Erant
752 4186 892 4254 quaedam
905 4187 1003 4239 Βάττου
1017 4186 1121 4240 σκοπιαὶ
1134 4185 1210 4240 iuxta
1221 4187 1386 4239 Maenalum
1399 4202 1472 4255 quae

322 4267 439 4306 causam
458 4253 596 4308 dederunt
614 4253 734 4322 fabulae,
754 4264 790 4324 et,
809 4255 833 4309 si
853 4256 924 4311 fides
944 4255 1048 4310 Ouidio
1068 4258 1109 4310 M.
1123 4255 1149 4310 ii.
1165 4257 1225 4325 706,
1242 4273 1347 4310 nomen
1363 4256 1473 4310 Indicis

322 4321 490 4378 retinebant.
576 4328 643 4380 587.
664 4329 757 4381 Adra.
795 4327 862 4380 Non
876 4327 913 4380 ad
926 4338 1033 4381 certum
1046 4343 1080 4381 ac
1093 4327 1202 4381 finitum
1215 4325 1366 4380 terminum
1379 4326 1472 4381 mitte·

321 4392 391 4445 bant
413 4393 516 4462 discos,
535 4394 586 4448 sed
608 4396 784 4451 conabantur
808 4407 944 4467 quantum
968 4395 1132 4466 longissime
1158 4415 1209 4468 per
1232 4414 1354 4452 uacuum
1376 4403 1471 4451 ae'rem

321 4461 531 4532 prospiciebant
544 4465 666 4520 iaculari.
705 4466 752 4521 Sic
766 4468 906 4536 Phlegyas
919 4467 964 4522 ifle
977 4485 1022 4537 ap.
1036 4469 1105 4522 Stat.
1118 4470 1149 4521 T.
1160 4467 1195 4522 vi.
1206 4468 1258 4533 678
1271 4484 1327 4521 non
1335 4470 1472 4538 protinus

321 4531 439 4588 horrida
457 4537 551 4606 campi
566 4537 680 4607 Iugera,
699 4539 749 4592 sed
764 4539 857 4593 caelo
876 4539 1023 4594 dextram
1042 4538 1182 4609 metitur,
1201 4539 1336 4608 humique
1353 4539 1473 4594 Pressas
