3312 5200
679 457 724 519 IN
752 453 847 519 IBIN.
1300 459 1340 516 49

182 617 340 680 *Phoenix
354 615 515 677 Amintoris
533 617 608 678 filius
622 616 743 678 †Tesal-
785 634 855 676 suos
869 612 1047 678 †Thetillam
1061 621 1091 674 et
1108 611 1252 674 Dorillam
1266 611 1339 673 salso

180 703 246 761 lam
266 712 295 761 et
309 700 440 759 Dorilam
458 700 532 759 filios
552 717 621 759 suos
640 717 743 758 excoe-
784 697 904 757 crimine
915 695 1046 756 adulterii
1060 698 1098 755 ab
1111 694 1200 758 †Affa
1214 713 1342 753 nouerca

180 783 266 842 cauit
276 790 459 842 accusatosa
473 800 601 842 nouerca
612 799 665 840 sua
676 780 744 844 †Li·
785 780 877 856 reguli
892 777 1059 838 Gothorum
1075 778 1152 854 regis
1166 777 1243 839 filiai
1262 776 1342 853 apud

179 873 317 924 costrata
337 863 416 940 regis
437 863 605 924 Gothorum
626 862 684 922 filia
708 860 745 921 de
786 880 817 920 se
853 869 1007 920 accusatos
1044 859 1212 919 excaecauit
1251 858 1342 918 nimia

179 947 310 1026 crimine
330 944 462 1004 adulterii
475 945 558 1004 falso.
600 945 681 1020 quod
697 943 747 1002 ubi
786 952 953 1002 commotus
977 941 1027 1001 ira.
1070 951 1102 1000 ut
1132 957 1205 1001 uero
1235 939 1342 999 falsum

178 1036 271 1105 pater
285 1027 427 1103 comperit
441 1028 565 1103 ipsemet
578 1027 633 1084 sibi
644 1025 746 1085 oculos
787 1043 853 1084 esse
870 1024 982 1083 crimen
1001 1023 1142 1100 cognouit
1158 1040 1228 1098 prae
1242 1021 1343 1080 dolore

179 1109 270 1168 eruit.
292 1108 392 1167 *Vnde
406 1109 528 1167 Battus:
544 1107 664 1166 Femina
678 1111 746 1165 nete
787 1105 880 1165 nimio
923 1105 978 1164 sibi
1018 1106 1083 1183 ipse
1121 1103 1223 1164 oeulos
1261 1103 1342 1162 eruit.

179 1192 293 1248 malum
320 1197 368 1261 est,
388 1191 497 1268 peccati
513 1190 629 1268 semina
657 1191 745 1264 origo.
787 1187 886 1247 *Vnde
907 1185 1024 1246 Bochus
1044 1193 1147 1262 poeta:
1185 1184 1244 1243 Est
1268 1185 1344 1243 mala

179 1271 308 1330 Femina
329 1279 385 1333 tota
405 1273 517 1342 malum,
539 1290 585 1329 res
606 1279 672 1330 otro
693 1272 746 1328 mi·
775 1270 892 1347 semim
905 1288 951 1327 res
964 1273 1038 1327 κ.τ.λ.
1076 1267 1104 1328 C
1115 1265 1224 1326 etAsk.

179 1356 310 1412 semma
344 1357 420 1414 uviri.
472 1352 635 1412 Nolueront
662 1353 750 1428 pueri
828 1349 977 1410 *Phoenix
985 1350 1060 1409 filius
1068 1349 1231 1408 Amintoris
1240 1347 1345 1408 ductor

168 1437 259 1494 male
289 1438 439 1494 comentire
471 1453 610 1506 nouercae,
639 1433 745 1494 Nolae·
786 1444 816 1493 et
844 1432 994 1492 consultus
1021 1430 1143 1490 Achillis
1170 1429 1245 1489 filios
1274 1445 1344 1488 suos

180 1524 307 1592 ramique
330 1525 420 1575 torum
445 1518 510 1575 neti
534 1518 667 1575 incestare
688 1526 742 1591 pe·
785 1515 950 1580 †Thirilam
967 1524 996 1573 et
1014 1512 1156 1572 Doricam
1173 1510 1211 1569 de
1230 1511 1344 1569 incestu

181 1600 283 1657 rentes.
326 1597 387 1657 Illa
408 1599 518 1674 repulsa
539 1599 631 1656 dolens
651 1605 743 1656 trans-
784 1607 1105 1657 accusatosanouerea
1114 1592 1255 1662 eaecauit,
1264 1591 1343 1650 unde

180 1699 266 1738 uerso
279 1681 394 1738 cre'mim
412 1684 442 1738 in
459 1681 521 1739 illos
535 1679 691 1738 Accusout't
701 1697 744 1739 eos
785 1680 825 1738 dii
840 1679 903 1737 irati
917 1678 1004 1738 etiam
1015 1679 1112 1754 ipsum
1124 1671 1343 1736 cremauerunt*

174 1763 284 1838 patri:
296 1769 378 1836 pater
391 1764 495 1820 inscius
509 1763 556 1820 ira
565 1760 627 1820 Nec
640 1767 743 1821 rectum
783 1759 881 1819 Mure.

182 1845 342 1920 inspiciens,
360 1863 408 1902 nec
424 1845 496 1901 enim
515 1849 616 1901 rectum
635 1845 747 1919 euspicii

182 1927 243 1994 ira,
265 1923 328 2000 Ipse
342 1933 427 2001 pater
452 1926 502 1983 sed
519 1927 576 1984 r'om
597 1943 652 1983 non
672 1945 745 1984 num

178 2014 267 2083 poter
290 2008 367 2065 eruit
388 2008 446 2065 vilis
469 2006 579 2065 Lumen
606 2008 681 2082 quod
701 2011 744 2066 de·

183 2089 275 2158 derat,
305 2097 470 2163 poenamque
503 2093 611 2147 occultu
637 2093 750 2150 eandem

183 2170 254 2228 est*
300 2169 337 2230 G.

230 2251 394 2311 Amintor
418 2251 528 2310 filium
552 2270 652 2311 suum
676 2253 894 2314 Phoenicem
923 2251 1085 2310 eaeeauit
1110 2249 1189 2326 quia
1210 2249 1343 2307 coniux

185 2333 266 2392 eius
281 2342 333 2391 est
348 2343 541 2410 conquesta
556 2334 621 2393 sibi
636 2334 853 2396 Phoenicem
874 2333 1036 2393 uoluisse
1059 2333 1089 2390 ei
1112 2331 1180 2389 uim
1200 2329 1343 2403 inferre,

187 2415 281 2491 quod
302 2423 421 2473 tamen
442 2415 570 2474 falsum
592 2428 675 2476 erat.
718 2417 758 2480 P.

233 2497 301 2554 261.
322 2494 394 2554 Nec
412 2496 487 2573 plus
501 2498 660 2574 aspicias.
706 2499 851 2577 Oedipum
866 2497 966 2572 tangit.
1012 2493 1049 2554 G.

234 2576 363 2654 Oedipus
384 2596 452 2637 cum
473 2586 565 2638 matre
587 2581 751 2652 concubuit,
766 2580 845 2639 unde
859 2579 1010 2654 Antigona
1028 2586 1092 2636 orta
1111 2585 1162 2634 est.
1205 2574 1262 2632 Pro
1282 2591 1343 2651 quo

188 2659 311 2718 crimine
329 2658 458 2735 Oedipus
474 2679 506 2719 se
520 2661 651 2720 ooecauit
665 2671 694 2721 et
708 2671 811 2740 postea
825 2660 896 2719 filia
910 2678 978 2718 eum
992 2659 1088 2717 rexit.
1130 2656 1168 2715 P.

231 2741 300 2814 263.
323 2740 364 2799 de
378 2740 439 2799 lite
452 2741 586 2803 iocosa.
627 2742 673 2802 De
688 2744 802 2803 Tiresia
816 2753 845 2802 et
859 2742 963 2801 Manto
976 2741 1034 2799 filia
1048 2757 1109 2799 sua.
1154 2735 1192 2799 G.

231 2821 361 2881 Tiresias
378 2821 483 2882 Eueris
501 2823 577 2883 filius
596 2835 739 2904 utrunque
759 2834 896 2901 expertus
915 2841 1019 2883 sexum
1038 2822 1106 2898 quia
1125 2831 1239 2897 septem
1257 2817 1343 2878 annis

189 2901 243 2962 init
257 2903 366 2962 femina
384 2904 493 2964 electus
512 2904 599 2964 iudex
619 2906 693 2966 inter
712 2908 817 2966 Iouem
837 2918 865 2966 et
881 2905 1028 2964 Iunonem
1047 2903 1085 2962 de
1103 2903 1149 2961 fite
1167 2903 1269 2961 iocosa
1287 2918 1342 2977 pro

189 2985 262 3044 Ioue
276 2985 422 3043 iudicauit.
465 2985 649 3047 Excaeeatus
663 3008 680 3047 a
695 2989 809 3048 Iunone
824 3005 917 3064 augur
930 2987 1022 3046 iaetus
1037 2995 1081 3045 est
1095 3003 1113 3043 a
1126 2984 1208 3043 Ioue.
1253 2982 1287 3043 C.

233 3068 300 3140 265.
323 3066 647 3138 Qualisetillefuit.
677 3071 747 3129 Phi·
828 3069 957 3129 Phineus
986 3077 1088 3144 captus
1120 3084 1221 3125 amore
1251 3065 1361 3124 Nico·¹

189 3165 263 3206 neus
285 3148 362 3206 filios
383 3166 453 3207 suos
477 3149 692 3210 Polidectorem
717 3161 747 3212 et
788 3161 893 3211 stratae
924 3150 999 3208 filios
1030 3166 1101 3209 suos
1128 3147 1343 3206 Polidectorem

189 3229 360 3288 Polidorum
378 3232 547 3291 excoecauit
562 3243 747 3293 accusatosa
788 3243 817 3292 et
838 3230 1025 3308 Polidophon
1047 3240 1201 3290 accusatos
1221 3231 1258 3288 ab
1278 3230 1344 3305 ipsa

189 3310 346 3386 Cleopatra
367 3330 469 3370 eorum
493 3331 630 3385 nouerca,
654 3316 745 3374 idem-
788 3308 979 3396 [Nicostrata]
1002 3312 1122 3371 crimine
1141 3311 1273 3370 adulterii
1294 3329 1344 3369 ex-

190 3410 248 3470 que
275 3411 380 3469 passus
411 3403 456 3452 est
490 3413 509 3453 a
536 3394 626 3455 Ioue:
663 3398 757 3462 cuius.
787 3395 925 3465 coecauit,
937 3402 1055 3471 propter
1069 3395 1149 3470 quod
1161 3387 1343 3475 [peccatum]

189 3475 621 3552 mensasArpiaeinquinabant.
639 3477 745 3538 iasone
786 3478 849 3553 ipse
858 3486 1031 3536 excoecatus
1041 3475 1199 3535 estaloue.
1215 3474 1344 3533 etDiana

188 3565 289 3614 autem
317 3555 446 3616 Colchos
474 3567 594 3634 petente
616 3569 645 3618 et
667 3561 745 3618 uiam
786 3559 865 3618 misit
891 3558 997 3634 Arpias
1030 3557 1164 3616 uolucres
1196 3557 1344 3633 uirgineas

189 3637 345 3714 ignorante
379 3638 457 3698 data
497 3650 549 3698 est
588 3641 746 3700 columba
786 3641 876 3700 iacies
897 3640 1039 3698 habentes
1059 3647 1091 3696 ut
1108 3637 1260 3697 foedarent
1281 3639 1343 3696 eius

189 3720 345 3794 praeuia;
380 3739 440 3798 qua
467 3719 504 3780 de
538 3739 626 3781 causa
653 3723 744 3782 Iason
786 3740 913 3781 mensas,
950 3716 1091 3801 [Fuerunt
1105 3729 1202 3778 autem
1217 3730 1275 3778 tres
1285 3720 1343 3777 Ar·

187 3835 267 3888 ποσὶν
277 3831 307 3903 ᾖε
320 3833 413 3906 θύραζε
427 3834 473 3902 (ib.
487 3834 566 3904 198).-
606 3836 714 3890 totilam
726 3842 755 3889 et
768 3835 911 3889 Dorissam
921 3837 986 3889 Ask.
1040 3832 1094 3886 Asa
1107 3835 1171 3886 Ask.
1223 3832 1345 3885 bacchus

190 3907 255 3959 Ask.
361 3907 383 3958 F
385 3906 495 3958 oemina
507 3912 567 3960 tota
579 3908 682 3961 malum
693 3924 737 3961 res
749 3914 844 3960 autem
856 3923 893 3959 m.
906 3906 1003 3959 uilisG
1101 3922 1202 3958 uersum
1215 3904 1343 3956 om.Ask.

189 3975 354 4030 incestaric
398 3977 543 4044 repulsoC
589 3978 766 4045 transfligoG
810 3977 964 4043 transfingit
977 3975 1043 4029 Ask.
1089 3990 1137 4028 eos
1149 3980 1228 4042 pater
1239 3974 1346 4043 patric

187 4047 400 4100 incitusGAsk.
510 4063 562 4102 nec
574 4055 682 4102 rectum
694 4049 802 4116 inspicit
815 4049 926 4116 respicit
938 4047 1015 4102 iraG
1097 4046 1236 4100 iamnunc
1250 4046 1343 4099 nonG

188 4118 243 4171 iam
256 4134 313 4171 non
325 4123 394 4171 tunc
408 4118 430 4171 C
440 4119 505 4171 Ask.
577 4119 698 4173 fenicem
709 4123 733 4173 P
745 4121 792 4172 bis.

226 4192 286 4243 261.
306 4189 429 4257 Edippus
440 4205 469 4242 se
482 4191 590 4243 cecauit
601 4195 634 4245 P.

227 4262 259 4311 26
263 4277 287 4325 3.
305 4258 414 4313 tirresia
427 4260 451 4313 G
521 4261 645 4314 thiresias
657 4260 745 4314 seueri
758 4261 781 4314 G
849 4259 943 4313 debita
954 4259 1046 4313 iocosa
1058 4259 1086 4311 G.

226 4373 287 4436 265.
306 4371 341 4425 ab
360 4372 553 4441 acciopatraG
660 4372 789 4426 colcosG
896 4370 975 4424 borie
990 4371 1013 4424 G
1120 4368 1303 4438 polidoterem
1315 4375 1345 4424 et

187 4441 356 4510 polidophon
378 4443 401 4496 G
551 4442 736 4512 polidetorem
757 4448 787 4496 et
808 4439 949 4510 polidefon
968 4443 1034 4497 Ask.
1185 4439 1219 4494 ab
1244 4441 1302 4508 ipso
1325 4442 1348 4495 G

188 4511 348 4567 Nicostrata
360 4533 408 4567 om.
421 4517 487 4568 Ask.
583 4521 728 4582 peccatum
741 4534 789 4568 om.
803 4515 867 4566 Ask.
947 4512 1064 4579 uirgines
1077 4512 1100 4565 G
1194 4518 1226 4564 ut
1237 4519 1345 4566 sterco-

188 4590 284 4638 rarent
314 4599 424 4638 mensas
453 4586 536 4656 ipsius
567 4585 658 4656 phinei
688 4586 710 4640 C
880 4582 1163 4638 Fuerunt-Celaeno
1193 4603 1242 4637 om.
1278 4585 1347 4637 Ask.

756 4670 779 4722 E
