3294 5214
620 467 946 532 PROLEGOMENA.
1295 474 1364 534 xxiii

210 630 266 705 'pse
284 630 377 704 pati?
399 627 478 686 Nam
500 628 606 704 quibus
626 628 726 687 uerbis
747 647 765 688 a
785 627 890 688 Tacito
909 627 1028 688 Cassius
1050 627 1173 689 Seuerus
1194 627 1365 690 describitur

210 712 354 770 Ann.=iv.
386 728 421 767 21
452 711 579 768 sordidae
611 711 742 787 crepanti,
771 711 907 787 malqicae
934 712 1016 782 uitae,
1044 713 1093 769 sed
1120 713 1224 770 orandi
1251 714 1365 770 ualz'dus

202 802 258 868 per
282 793 441 864 cmmodc'cas
469 792 633 849 inimicitias
659 798 692 850 ut
717 791 819 849 sedeccia
845 793 939 850 curati
958 798 1070 851 senatus
1094 790 1206 851 Cretam
1228 813 1365 852 emanere·

209 880 257 931 tur
278 875 409 951 affecerat,
425 873 537 932 eisdem
559 872 619 930 fere
642 872 703 930 Ibis
724 873 918 932 adumbratur.
959 874 1115 950 Potuitque
1139 874 1187 933 hic
1209 893 1280 934 sane
1301 876 1364 953 ipse

211 953 332 1034 Cassius
350 973 424 1013 esse.
467 953 546 1012 Nam
566 963 595 1012 et
612 953 819 1030 aequalislere
834 953 943 1013 Ouidio
958 955 1018 1026 fuit,
1034 973 1102 1014 curn
1120 955 1253 1016 nondum
1273 973 1364 1015 senex

213 1035 326 1096 Cretam
350 1044 465 1107 amotus,
490 1043 594 1112 postea
619 1036 696 1094 bonai
717 1042 820 1095 exutus
844 1037 985 1095 interdicto
1009 1038 1075 1114 igni
1094 1043 1174 1112 atque
1196 1057 1269 1113 aqua
1290 1055 1364 1096 saxo

211 1117 330 1193 Seripho
348 1119 520 1175 emesenncrc't
537 1119 631 1193 usque
650 1119 688 1175 ab
706 1135 787 1176 anno
810 1117 935 1197 777124,
951 1117 1037 1197 (Τ20.
1056 1118 1135 1177 Αο0.
1150 1119 1185 1177 iv.
1202 1115 1263 1193 21),
1283 1129 1311 1178 et
1332 1121 1364 1178 in

211 1201 276 1258 loro
294 1200 418 1258 multum
435 1199 605 1258 uersabatur
622 1199 672 1274 qui
689 1198 815 1274 aliquem
832 1217 947 1275 semper
966 1209 1117 1259 accusaret
1132 1199 1212 1278 (Sen.
1226 1200 1363 1278 Excerpt.

213 1282 354 1341 Controu.
373 1278 414 1359 5),
427 1281 506 1338 unde
526 1280 597 1338 illud
611 1281 737 1356 Augusti
751 1298 798 1356 ap.
814 1279 945 1340 Macrob.
961 1281 988 1340 ii.
1005 1299 1032 1353 4.
1048 1302 1065 1357 9
1083 1279 1154 1340 Cum
1169 1281 1253 1340 multi
1263 1280 1365 1341 Seuere

215 1363 317 1423 Cassio
332 1367 477 1420 accusante
495 1362 701 1420 obsoluerantnr
714 1366 741 1419 ct
756 1362 921 1421 architectus
929 1363 1002 1440 soci
1012 1361 1141 1440 Augusti
1155 1365 1365 1438 expectationem

213 1445 303 1520 operes
313 1446 363 1502 din
377 1444 504 1502 traheret
516 1445 556 1500 ita
568 1445 671 1500 iocatus
684 1449 739 1502 cst:
763 1443 859 1501 Vellem
871 1442 987 1503 Cassius
996 1449 1023 1502 et
1033 1445 1226 1522 menmfornm
1240 1453 1364 1513 accnsct;

214 1536 243 1584 et
272 1528 351 1584 ncces
374 1527 555 1602 feminasque
588 1525 718 1583 inlustres
747 1525 911 1600 procacibus
945 1526 1056 1601 scriptc's
1088 1526 1254 1602 diffamabat
1277 1523 1365 1604 (Tac.

213 1608 292 1666 Ann.
309 1609 326 1665 i.
343 1607 404 1685 72),
422 1616 451 1665 et
472 1607 655 1682 eloquentiae
677 1608 797 1664 nornine
819 1625 923 1666 omnes
942 1607 985 1666 sui
1007 1609 1147 1684 temporis
1169 1607 1293 1667 disertos
1313 1626 1364 1667 an-

213 1689 366 1768 tecellebat
387 1687 475 1766 (Dial.
498 1688 535 1746 de
558 1687 672 1746 Orator.
691 1707 736 1762 19,
759 1690 804 1760 26,
828 1687 948 1760 Quintil.
967 1705 995 1747 x.
1015 1708 1038 1746 1.
1058 1685 1126 1764 τιό)
1147 1689 1303 1767 praecipue
1325 1690 1365 1748 ob

214 1788 331 1829 amaros
347 1771 421 1829 sales
436 1770 542 1846 quibus
557 1769 742 1846 asperitatem
757 1770 863 1829 indolis
873 1770 1062 1846 eloquebatur
1073 1769 1205 1847 (Quintil.
1214 1771 1250 1829 vi.
1263 1789 1290 1846 3.
1304 1768 1368 1849 27),-

214 1861 243 1912 et
256 1852 415 1910 litterarum
436 1851 583 1910 studiosus
603 1849 664 1921 fuit,
680 1851 709 1910 id
728 1852 810 1927 quod
826 1851 1007 1910 demonstrat
1020 1852 1082 1910 eius
1102 1852 1139 1911 de
1152 1851 1276 1911 Publilio
1291 1852 1365 1929 Syro

213 1933 354 1992 iudicium
370 1933 451 2012 (Sen.
467 1931 554 1991 Cont.
569 1932 616 1991 vii.
635 1935 679 1991 18.
696 1929 729 2010 8)
747 1941 776 1990 et
794 1933 946 1992 admiratio
965 1951 1023 2009 qua
1037 1933 1158 1992 Labieni
1171 1933 1260 1992 libros
1275 1934 1365 1993 edidi-

214 2017 290 2076 cisse
311 2034 343 2075 se
364 2024 484 2074 testatur
506 2033 553 2090 ap.
574 2013 642 2072 Sen.
663 2013 750 2073 Cont.
768 2033 795 2072 x.
816 2014 908 2074 Praei.
924 2018 951 2086 8,
966 2024 995 2074 et
1016 2015 1053 2073 de
1067 2015 1205 2093 Aegypto
1226 2015 1365 2092 scriptum

214 2097 304 2156 edidit
318 2095 403 2176 (Plin.
419 2096 484 2154 Ind.
499 2113 585 2168 xxxv,
600 2095 689 2154 Prisc.
704 2097 741 2154 ix.
758 2093 809 2174 53)
831 2105 859 2155 et
880 2114 940 2173 quo
961 2114 1040 2155 anno
1059 2097 1090 2154 in
1109 2097 1226 2156 exilium
1241 2097 1366 2156 Ouidius

214 2179 272 2250 iuit,
287 2179 351 2256 ipse
368 2178 493 2249 Rornae,
507 2186 540 2235 ut
558 2177 681 2249 uidetur,
695 2177 756 2249 fuit,
772 2178 899 2236 necdum
914 2177 1031 2237 Cretam
1052 2188 1168 2238 amotus
1185 2190 1237 2238 est.
1280 2176 1366 2250 Quae

214 2262 293 2318 enim
315 2260 400 2318 tradit
421 2259 542 2318 Tacitus
562 2258 677 2317 Anni.
701 2271 748 2333 72,
770 2260 897 2335 primum
917 2259 1085 2336 Augustum
1107 2260 1307 2336 cognitionem
1329 2260 1366 2318 de

214 2341 335 2400 famosis
354 2341 457 2399 libellis
474 2340 572 2416 specie
586 2340 659 2416 legis
679 2341 741 2400 eius
757 2339 806 2420 (de
824 2338 986 2419 maiestate)
1000 2343 1167 2401 tractauisse
1184 2351 1366 2401 commotum

216 2422 310 2483 Cassii
321 2423 419 2482 Seueri
432 2422 552 2480 libidine
566 2440 624 2498 qua
638 2423 716 2480 uiros
731 2422 911 2499 feminasque
926 2421 1057 2482 inlustres
1068 2422 1241 2499 procacibus
1252 2423 1365 2500 scriptis

216 2505 405 2576 diffamasset‚
419 2505 495 2562 bene
514 2513 725 2579 perspexerunt
739 2503 920 2562 Weichertus
939 2504 975 2562 de
990 2503 1095 2562 Cassio
1109 2504 1259 2562 Parmensi
1272 2523 1300 2581 p.
1320 2518 1365 2578 15,

215 2586 352 2663 Meyerus
375 2584 489 2644 Orator.
512 2584 639 2642 Roman.
662 2585 780 2662 Fragm.
795 2604 823 2662 p.
840 2599 900 2660 530
920 2585 959 2643 ad
979 2585 1058 2643 idem
1078 2584 1229 2648 reserenda
1249 2595 1366 2662 tempus

216 2686 281 2728 esse
296 2687 331 2727 ac
346 2667 451 2726 Dionis
464 2669 512 2740 56.
527 2679 562 2740 27
576 2669 616 2723 καὶ
628 2668 716 2739 μαθὼν
724 2664 900 2746 (Αὔγουστος)
910 2669 949 2724 ὅτι
963 2668 1056 2734 βιβλία
1069 2667 1133 2723 ἅττα
1146 2667 1189 2740 ἐφ’
1204 2665 1278 2740 ὕβρει
1292 2674 1367 2723 τινῶν

216 2753 406 2824 συγγράφοιτο,
419 2748 522 2819 ζήτησιν
533 2751 616 2804 αὐτῶν
626 2749 765 2819 ἐποιήσατο
775 2751 816 2804 καὶ
826 2750 906 2804 tested
916 2773 953 2815 τε,
965 2752 998 2803 τὰ
1010 2751 1058 2818 μὲν
1071 2749 1137 2820 ε’ντῇ
1147 2753 1224 2804 nense
1234 2749 1367 2822 εὑρεθέντα

215 2836 279 2905 πρὸς
293 2837 344 2887 τῶν
356 2832 529 2904 ἀγορανόμων,
543 2832 575 2885 τὰ
589 2831 617 2884 δὲ
630 2833 680 2902 ἔξω
694 2833 758 2903 πρὸς
772 2837 822 2886 τῶν
836 2831 990 2903 ἑκασταχόθι
1004 2831 1134 2903 ἀρχόντων
1143 2831 1295 2902 κατέφλεξε,
1305 2830 1365 2888 h.e.

216 2913 254 2971 ad
273 2910 404 2989 7651227
431 2911 568 2970 Cassium
584 2919 682 2970 autem
697 2911 809 2970 Romae
830 2910 919 2970 fuisse
940 2929 1008 2969 cum
1023 2911 1145 2970 Labieni
1166 2911 1273 2988 scripta
1295 2919 1366 2970 con·

215 2996 387 3054 burerentur
401 2992 472 3052 alius
486 2993 624 3066 testisest
639 2991 752 3051 Seneca
766 2993 852 3052 Cont.
867 3013 895 3051 x.
911 2992 1003 3052 Praei.
1020 2994 1047 3052 8.
1091 2993 1149 3052 Sed
1163 3002 1192 3052 et
1206 2994 1366 3071 imperante

217 3075 338 3134 Tiberio
359 3076 389 3133 in
414 3083 516 3134 senatu
539 3073 665 3132 adfuisse
687 3074 757 3133 dicit
779 3074 948 3133 Plutarchus
970 3093 1017 3152 ap.
1039 3074 1193 3134 Weichert.
1215 3094 1245 3153 p.
1266 3077 1311 3147 16,
1329 3074 1385 3142 el..

215 3155 369 3216 Drumann
383 3157 410 3214 ii.
425 3175 453 3232 p.
473 3153 556 3213 262*

256 3238 313 3298 Per
327 3238 393 3296 Ibin
413 3246 512 3296 tamen
528 3255 591 3296 non
609 3236 688 3295 hunc
707 3236 852 3312 designari
872 3237 981 3297 idcirco
1003 3236 1173 3296 crediderim
1194 3237 1275 3315 quod
1288 3236 1368 3296 nulla

216 3320 361 3378 eiusmodi
374 3329 452 3378 extet
465 3319 614 3377 memoria.
650 3317 768 3398 Cassius
783 3320 860 3378 enim
874 3321 1042 3378 notissimus
1056 3319 1118 3390 suit,
1132 3328 1164 3378 ut
1177 3321 1228 3378 uix
1242 3320 1367 3397 potuerit

216 3402 314 3473 latere,
329 3402 354 3460 si
372 3403 446 3460 inter
466 3401 545 3458 uiros
566 3417 641 3476 quos
662 3400 832 3473 diffamarat,
848 3401 986 3461 Ouidium
1008 3419 1126 3477 quoque
1146 3401 1259 3478 insequi
1279 3417 1367 3460 ausus

217 3493 302 3543 esset.
345 3482 424 3555 Quid
439 3482 519 3558 quod
538 3482 596 3540 iarn
618 3481 716 3548 multis
729 3493 797 3542 ante
811 3483 895 3542 annis
910 3483 1065 3542 Horatium
1082 3483 1184 3541 dicitur
1197 3484 1368 3542 insecutus?

217 3565 295 3623 Nam
311 3565 335 3624 si
354 3564 516 3624 scholiastis
536 3563 689 3635 credimus,
703 3565 733 3621 in
749 3563 884 3623 Cassium
900 3563 1042 3623 Seuerum
1056 3563 1179 3639 Epodos
1193 3573 1276 3624 sexta
1294 3563 1372 3634 Quc'ct

218 3648 384 3705 immemntis
396 3647 511 3720 hospites
525 3664 616 3704 nexas
630 3647 735 3703 canei?
755 3647 920 3722 composita
939 3656 991 3704 est.
1021 3645 1102 3718 Quid
1115 3647 1195 3722 quod
1207 3646 1367 3722 Longulae‚
1388 3675 1391 3686 ·

219 3729 248 3785 in
272 3729 384 3805 oppido
406 3727 480 3785 Latii
505 3745 523 3784 a
544 3727 690 3803 plerisque
714 3736 795 3785 ortus
820 3728 944 3786 creditur
969 3745 1006 3786 ex
1027 3727 1128 3786 Indice
1148 3728 1281 3786 Pliniano
1303 3726 1368 3786 libri

219 3809 259 3868 H.
270 3809 309 3868 N.
318 3811 416 3867 xxxv?
439 3809 487 3867 Sic
497 3809 576 3867 enim
591 3809 707 3867 islocus
718 3809 871 3868 distinctus
881 3808 983 3884 legitur
993 3810 1024 3866 in
1035 3809 1210 3868 editionibus
1222 3807 1369 3866 Harduini

219 3901 248 3949 et
263 3890 363 3966 Silligii
373 3890 430 3948 Ex
443 3891 601 3948 auctoribus
613 3934 619 3948 .
632 3933 638 3948 .
651 3888 796 3966 ..Melissa
816 3891 953 3962 Vitcunio,
967 3890 1066 3949 Cossio
1080 3889 1183 3949 Semro
1192 3889 1368 3965 Longulam,
1442 3954 1444 3957 f

220 3972 312 4031 Fabz'o
334 3974 437 4031 Vestale
456 3973 509 4046 qni
526 3973 557 4028 de
570 3974 685 4047 pictura
706 3973 826 4047 scripsit
870 3972 947 4031 Sane
968 3981 1082 4048 poterat
1103 3971 1310 4047 Longulanum
1332 3990 1369 4030 eo

220 4054 342 4113 consilio
357 4054 467 4112 Plinius
488 4054 647 4112 adderent
668 4071 686 4110 a
707 4053 810 4112 Cassio
831 4054 990 4112 Parmense
1011 4052 1089 4132 (Ind.
1111 4050 1193 4131 xxxi)
1215 4062 1243 4112 et
1264 4050 1369 4112 Cassio

221 4135 351 4193 Hemina
376 4133 454 4214 (Ind.
483 4132 575 4213 xxxii)
604 4134 788 4194 discerneret.
831 4134 889 4194 Sed
920 4153 988 4194 uere
1014 4135 1129 4193 uidetur
1150 4133 1293 4210 Bergldus
1321 4153 1369 4211 ap.

220 4215 370 4275 Ritschelii
384 4216 499 4293 Parerg.
514 4216 636 4274 Plautin.
652 4217 669 4274 i.
685 4234 714 4292 p.
730 4235 769 4287 40
783 4217 956 4276 obseruasse
970 4215 1095 4274 Plinium
1112 4215 1142 4275 in
1163 4215 1208 4275 his
1225 4217 1370 4275 indicibus

254 4358 269 4391 *
285 4357 455 4419 Hieronymum
467 4372 513 4405 non
525 4355 593 4405 multi
604 4357 673 4412 facio,
686 4357 724 4419 qui
736 4357 765 4404 ad
776 4359 805 4405 A.
818 4359 873 4407 Abr.
887 4356 958 4418 2048,
969 4357 1008 4405 Ol.
1021 4369 1076 4407 202.
1088 4356 1174 4420 4hsec
1185 4356 1262 4419 habet,
1276 4355 1371 4405 Cassius

221 4423 320 4470 Seuerus
331 4434 411 4470 orator
421 4423 531 4488 egregius
542 4424 583 4486 qui
595 4424 747 4489 Quintianum
758 4423 819 4472 illud
831 4424 980 4485 Prouerbium
990 4423 1080 4472 luserat
1092 4439 1139 4472 xxv
1150 4423 1262 4484 exiliipsui
1273 4439 1334 4470 anno
1345 4424 1371 4470 in

220 4503 310 4535 summa
327 4489 405 4550 inopia
422 4490 524 4537 moritur
539 4489 581 4536 uin
593 4498 673 4550 panno
689 4489 791 4536 uerenda
807 4487 926 4536 contectus.
962 4490 1024 4536 Nam
1035 4491 1053 4536 si
1065 4488 1110 4537 hoc
1121 4505 1183 4537 anno
1194 4489 1218 4539 h.
1226 4505 1247 4538 e.
1260 4482 1288 4538 A.
1295 4490 1325 4539 D.
1338 4501 1369 4550 3²

222 4563 327 4601 mortuus
338 4563 380 4614 est,
393 4555 466 4602 factus
477 4562 512 4603 est
523 4556 575 4602 exul
587 4557 633 4602 iarn
644 4569 706 4602 anno
720 4563 742 4616 7.
775 4555 824 4616 (Cf.
835 4555 930 4602 Clinton
942 4555 967 4605 F.
979 4556 1009 4604 R.
1021 4557 1036 4602 1.
1053 4569 1116 4620 pp.9
1128 4565 1152 4604 er
1166 4553 1214 4618 19).
