3312 5200
704 421 750 484 IN
772 421 869 485 IBIN.
1326 428 1366 484 65

253 598 453 660 generoque
487 582 684 642 draconum.
726 581 767 640 A·
851 579 967 640 Gener
981 579 1177 640 draconum.
1212 579 1365 642 Athamas.

210 660 327 724 thomas
361 681 452 741 gener
486 663 591 724 Cadmi
625 673 655 724 et
689 661 768 722 Har·
809 661 852 721 H.
894 661 1090 722 draconum.
1123 661 1229 722 Cadmi
1243 673 1274 722 et·
1287 662 1367 722 Har·

210 746 337 805 monies.
382 743 419 806 G.
809 743 933 803 monies.
974 742 1018 800 H.

255 828 324 901 348.
374 825 623 903 Tisamenique
665 826 767 901 patri.
852 823 1084 900 *Aristophanes
1107 834 1190 902 pater
1212 821 1365 903 †Thelsil-

213 903 452 984 *Astrophaneus
474 918 556 985 pater
577 907 768 972 †Thesimani
809 905 889 966 madi
907 905 1026 966 insanus
1046 906 1138 967 factus
1161 906 1255 965 finiuit
1273 907 1365 965 uitam

211 988 280 1064 quia
299 1006 367 1048 eum
381 989 439 1047 filia
453 985 532 1071 [sua]
549 990 707 1049 concubuit
724 990 768 1048 in·
809 1005 862 1064 per
876 987 1021 1047 insaniam
1036 997 1065 1048 et
1079 987 1232 1051 furorem*
1254 985 1356 1048 Mure.

211 1069 347 1128 saniuit*
391 1069 418 1130 C
430 1069 538 1130 elAsk.

253 1150 520 1228 Callirhoesque
541 1154 625 1212 uiro.
657 1148 767 1234 *[Pen·

211 1231 296 1290 theus
320 1228 395 1312 siue]
419 1232 577 1294 Penthides
601 1230 658 1315 [nir
680 1234 766 1294 Calli-

211 1308 321 1394 gones]
340 1314 480 1373 simulans
501 1333 533 1374 se
554 1333 677 1375 uxorem
698 1334 767 1375 cum

211 1393 344 1454 adultero
369 1395 526 1468 inuenisse,
547 1407 579 1456 ut
601 1396 689 1455 aliam
714 1397 766 1456 du-

212 1483 301 1546 ceret,
330 1494 395 1536 eam
425 1477 567 1538 interfecit
599 1475 693 1559 [unde
721 1478 764 1537 in-

211 1554 363 1636 saniuit.]*
408 1557 518 1618 cast.
1288 1587 1296 1601 ⁴

255 1652 324 1712 350.
355 1638 431 1711 Qua
465 1640 577 1716 potuit
613 1639 766 1718 Tydeus.
850 1638 928 1711 Quia
960 1636 1122 1698 Diomedes
1150 1636 1297 1696 Venerem
1332 1654 1364 1695 m

212 1717 339 1794 Aegiale
353 1739 428 1780 uxor
441 1719 509 1780 Dio.
527 1721 682 1781 filiiTidei
697 1723 767 1781 dum
809 1719 941 1780 Troiano
966 1720 1043 1779 bello
1066 1718 1237 1790 uulnerauit,
1260 1717 1364 1778 Venus

211 1800 293 1876 apud
307 1801 429 1861 Troiam
441 1801 487 1861 Ti.
503 1814 663 1862 moraretur
677 1804 768 1879 coepit
808 1820 932 1862 uxorem
956 1801 1018 1860 eius
1043 1800 1188 1877 Aegialen
1215 1798 1363 1875 publicam

211 1881 356 1942 maechari
480 1883 516 1943 G.
809 1883 990 1942 meretricem
1025 1881 1102 1954 lecit,
1132 1881 1211 1942 unde
1242 1879 1364 1957 Tydeus

254 1962 345 2022 Cuius
359 1953 481 2024 uxorem
492 1964 614 2046 (lanus)
626 1964 767 2043 Aegialen
808 1975 892 2041 pater
906 1963 1061 2023 Diomedis
1075 1980 1129 2039 pro
1147 1981 1222 2021 nuru
1242 1979 1295 2020 sua
1309 1980 1364 2038 pu-

211 2042 282 2104 fecit
315 2047 495 2105 meretricem
518 2091 525 2105 .
548 2090 556 2106 .
578 2091 585 2107 .
608 2092 615 2107 .
638 2048 686 2108 hic
716 2048 767 2108 de·
809 2047 912 2105 dorem
926 2045 1035 2116 habuit,
1050 2044 1106 2115 uel,
1119 2054 1152 2103 ut
1163 2039 1238 2126 [alii]
1255 2043 1364 2114 dicunt,

212 2135 321 2184 structa
347 2127 439 2187 Troia
466 2129 643 2206 turpitudine
667 2129 766 2189 uxoris
808 2127 870 2204 ipse
899 2126 1021 2202 Tydeus
1055 2143 1123 2184 cum
1154 2125 1258 2185 eadem
1288 2142 1362 2182 nuru

211 2207 319 2280 audita,
329 2208 376 2267 uel
390 2209 487 2285 potius
501 2210 539 2269 ab
554 2210 617 2286 ipsa
631 2211 766 2287 propriae
808 2209 974 2269 concubuit.
1019 2205 1083 2267 Cet
1094 2205 1164 2266 Ask.

212 2289 360 2365 nequitiae
372 2292 491 2350 conscia
504 2291 636 2367 repulsus
648 2292 768 2368 apatria

211 2371 321 2447 spreuit
342 2371 449 2447 Argos
471 2373 551 2431 uenit
575 2373 605 2431 in
628 2372 767 2448 Apuliam

211 2461 241 2510 et
253 2452 385 2512 condidit
396 2452 542 2513 ciuitatem
557 2473 646 2531 quam
657 2455 767 2530 patriae

210 2550 282 2592 suae
303 2533 425 2593 nomine
444 2535 542 2611 Argos
561 2535 695 2612 Hrppabn
714 2553 766 2611 ap-

211 2614 339 2690 pellauit.
381 2615 472 2674 Mure
484 2637 506 2675 s.
518 2636 546 2674 u.
562 2615 733 2676 Diomedes.

255 2709 324 2770 352.
358 2694 481 2756 Locris
525 2698 559 2756 in
607 2698 764 2759 ancillae.
850 2693 1364 2775 *Hypermestrainadulteriodo

212 2774 436 2853 *Hrpermestra
447 2777 628 2856 deprehensa
643 2781 673 2838 in
685 2779 766 2839 adul·
807 2779 952 2856 prehensa
979 2796 1048 2836 cum
1080 2777 1166 2836 fratre
1197 2776 1291 2835 mariti
1319 2777 1364 2836 sui

211 2859 284 2917 terio
298 2857 463 2918 cumfratre
475 2860 567 2918 mariti
582 2862 626 2918 sui
642 2862 766 2920 tenebris
807 2860 935 2937 profugit
950 2859 1057 2918 auxilio
1071 2859 1265 2929 tenebrarum,
1280 2857 1363 2916 dein·

211 2940 310 2998 adiuta
324 2941 432 2998 euasit:
450 2940 556 3000 deinde
572 2941 766 3010 †Pantionem
808 2942 845 3000 de
865 2941 1068 3003 †Paueronem
1090 2957 1206 2999 seruum
1228 2957 1313 2999 suum
1335 2948 1365 2998 et

212 3039 330 3080 seruum
351 3039 437 3080 suurn
458 3030 487 3080 et
504 3021 611 3082 Locrin
632 3023 767 3082 ancillam
807 3021 915 3080 Locrin
937 3021 1072 3080 ancillam
1091 3039 1175 3080 suam
1194 3022 1311 3080 necauit
1330 3030 1364 3080 ut

211 3103 336 3160 necauit.
367 3100 466 3162 *Vnde
482 3102 601 3163 Gallus:
623 3102 767 3162 Ancillam
809 3121 862 3162 eos
876 3103 906 3162 in
921 3102 1061 3162 adulterio
1077 3102 1185 3162 diceret
1202 3101 1366 3179 deprehen·

210 3203 374 3259 seruumque
395 3203 475 3243 suum
498 3185 693 3262 Hipermestra
721 3205 767 3244 aa·
809 3201 868 3257 sos,
895 3202 957 3243 non
986 3203 1017 3245 se
1045 3202 1113 3243 cum
1146 3183 1231 3244 fratre
1260 3184 1363 3245 mariti.

209 3329 358 3384 hermionis
371 3333 406 3385 Η.

249 3406 309 3466 348.
328 3403 459 3457 Historiae
460 3400 583 3471 ficticiae.
613 3405 713 3458 Eadem
725 3401 1144 3456 habetMures.u.Thesimadus
1180 3402 1364 3456 Thesimadus

210 3470 263 3525 fuit
277 3472 388 3540 quidam
407 3474 484 3527 cuius
501 3473 569 3527 filius
586 3473 772 3542 aristophanes
788 3473 878 3527 factus
896 3472 949 3526 fuit
966 3473 1074 3526 insanus
1087 3481 1116 3526 et
1132 3473 1171 3526 ita
1183 3479 1308 3527 mortuus
1321 3478 1363 3526 est

211 3541 270 3612 sua]
284 3562 333 3596 om.
348 3544 413 3598 Ask.
495 3544 635 3599 Pentheus
648 3541 718 3613 sine]
734 3563 780 3598 om.
796 3546 860 3598 Ask.
942 3543 1073 3598 Pentides
1087 3545 1151 3597 Ask.
1230 3541 1283 3613 uir]
1298 3544 1365 3598 utG

211 3614 255 3667 ult·
267 3612 338 3681 Cal]
352 3634 401 3667 om.
415 3616 480 3667 Asi.
551 3616 625 3668 unde
638 3613 777 3684 insaniult]
790 3616 851 3669 add.
865 3616 929 3668 Ask.
1002 3617 1032 3667 ln
1045 3617 1124 3667 Mure
1134 3615 1201 3667 nihil
1211 3616 1302 3667 inueni.

250 3700 310 3749 350.
330 3683 407 3750 Egile
419 3700 490 3738 uxor
502 3685 556 3739 dio.
570 3687 605 3738 lili
621 3689 644 3740 G
695 3685 817 3739 mechari
829 3692 858 3739 et
871 3700 935 3738 eum
947 3700 1054 3738 rossum
1067 3683 1163 3752 expuit
1176 3684 1201 3737 G
1248 3684 1363 3737 Scholion

212 3765 359 3824 corruptum
444 3755 472 3807 in
490 3755 562 3810 bello
575 3758 684 3810 troiano
696 3771 828 3810 uenerem
840 3758 906 3810 Ask.
995 3753 1145 3821 egialemC
1232 3752 1363 3818 egialeam

212 3827 277 3880 Ask.
331 3825 459 3892 pudicam
471 3828 537 3880 Ask.
590 3826 658 3880 fecit
670 3827 846 3880 meretricem
859 3828 925 3879 Ask.
982 3830 1014 3878 ut
1026 3826 1064 3878 ait
1077 3822 1210 3876 Horatius
1222 3824 1282 3876 add.
1296 3825 1362 3878 Ask.

210 3894 255 3948 alii
268 3896 354 3950 om.G
404 3898 515 3965 patetC
566 3897 680 3963 egialem
692 3898 770 3951 Mure
823 3897 958 3965 appuliam
971 3897 1049 3949 Mure
1101 3894 1245 3962 argosipon
1258 3894 1344 3946 Mure.

249 3983 309 4030 352·
328 3966 445 4020 Historia
457 3979 579 4037 suspecta.
608 3969 710 4021 Similia
719 3969 798 4021 Mure
809 3985 861 4022 aa.
871 3967 977 4020 Locris
1008 3968 1086 4035 Apud
1094 3964 1315 4035 Sataprafixum
1325 3975 1363 4017 est

212 4036 394 4090 Callimachus
406 4036 473 4090 dicit
553 4039 750 4107 ipemnestraG
761 4040 800 4091 bis
871 4042 1040 4106 ypermestra
1054 4035 1124 4089 Chis
1196 4050 1362 4103 paueronem

124 4148 129 4156 .
211 4108 256 4160 uel
269 4123 419 4174 pauemum
433 4110 509 4162 Mure
597 4124 732 4176 pauonem
746 4109 903 4177 Saluagm'us
991 4106 1066 4159 uelut
1078 4121 1107 4158 se
1120 4106 1205 4173 ipsam
1218 4112 1362 4158 excusaret

211 4177 313 4231 occidit
327 4180 403 4231 Mure
445 4178 579 4232 beneficio
591 4179 767 4234 tenebrarum
781 4180 920 4244 incognita
932 4192 1129 4244 paueroronem
1141 4177 1205 4230 Ask.
1250 4177 1361 4229 necauit

211 4263 259 4302 eos
271 4247 366 4301 dicens
379 4248 407 4300 in
419 4250 463 4302 ad.
476 4251 541 4304 Ask.
625 4251 741 4302 Samum
754 4256 783 4302 et
795 4248 956 4302 ancillamG
1042 4250 1132 4300 Versus
1144 4248 1237 4301 absunt
1248 4248 1282 4300 ab
1295 4247 1361 4299 Ask.

210 4329 235 4372 et
252 4319 370 4387 Saluag„
384 4322 497 4388 priorem
516 4321 593 4374 Mure
610 4321 686 4374 hahet
753 4320 954 4388 Hypermestra
974 4317 1027 4370 fuit
1048 4318 1167 4386 quedam
1188 4316 1362 4386 mulierque

130 4405 133 4416 ·
211 4389 382 4456 deprehensa
394 4390 421 4442 in
433 4390 568 4444 adulterio
581 4406 643 4444 cum
656 4389 742 4443 fratre
752 4390 843 4443 mariti
856 4390 925 4456 sugit
938 4389 1038 4442 auxilio
1047 4387 1233 4454 tenebrarum,
1242 4388 1362 4456 denique

211 4459 303 4513 occiso
320 4458 447 4513 adultero
466 4477 547 4514 unam
566 4461 601 4515 de
616 4461 720 4514 ancillis
736 4461 790 4514 suis
807 4459 976 4513 interfecisse
992 4460 1093 4513 dicitur
1105 4464 1137 4512 ut
1154 4459 1238 4527 ipsam
1255 4458 1361 4513 diceret

211 4529 410 4598 deprehensam
431 4531 458 4585 in
478 4532 622 4599 adulterio,
640 4531 737 4588 ancilla
758 4531 892 4599 siquidem
914 4530 995 4586 locris
1015 4529 1043 4600 (l.
1061 4529 1147 4600 latria)
1167 4529 1318 4586 uocabatur
1336 4533 1361 4584 P

775 4617 796 4665 F
