3294 5214
313 439 361 496 xiv
767 433 1011 495 PRAEFATIO.

315 595 508 664 Burmannus,
519 593 637 669 propria
646 592 788 651 nonnulla
800 593 912 665 adiecit,
922 611 1018 670 neque
1028 609 1063 650 ea
1073 590 1191 668 grandis
1201 591 1293 668 pretii,
1302 591 1404 651 saltem
1415 593 1465 650 ubi

314 690 352 749 de
371 705 451 746 nouo
465 704 511 746 res
526 686 705 762 exploranda
725 686 785 746 fuit.
827 686 931 763 Itaque
945 703 1147 764 quaecumque
1165 684 1261 746 sabula
1276 685 1465 763 Saluagnium

314 782 459 854 fefellerat,
476 780 573 840 fefellit
589 781 677 840 etiam
692 780 901 840 Bmmannum.
944 780 991 840 Ne
1006 779 1165 840 Merkelius
1179 780 1306 857 quidem,
1322 780 1372 857 qui
1385 797 1465 839 anno

318 879 393 952 1837
410 875 501 934 Ibidis
515 883 627 934 textum
643 892 680 933 ex
695 874 845 934 codicibus
861 875 928 951 plus
942 874 1044 951 uiginti
1057 873 1156 946 edidit,
1171 891 1297 951 quorum
1309 874 1465 933 Vindobo-

315 975 437 1030 nenscr'n
457 968 616 1036 Mauricius
635 967 791 1045 Hauptius,
810 967 1012 1028 Askeuianum
1033 969 1096 1045 ipse
1115 967 1285 1039 contulerat,
1303 967 1465 1044 interpretis
1513 967 1516 972 '

315 1080 443 1135 munere,
466 1063 518 1122 sed
539 1061 626 1121 critici
646 1060 852 1121 tantummodo
872 1061 1042 1139 plerumque
1062 1060 1178 1121 functus
1199 1070 1251 1131 est,
1272 1062 1326 1121 etsi
1347 1069 1466 1137 propter

315 1157 478 1217 doctrinam
488 1172 563 1232 quae
577 1155 608 1213 in
618 1172 656 1214 co
666 1155 818 1230 singularis
832 1164 884 1229 est,
896 1155 1000 1216 iudicia
1010 1156 1034 1216 si
1048 1172 1107 1232 qua
1118 1154 1156 1216 de
1166 1154 1257 1215 ibidis
1271 1154 1375 1215 fabulis
1389 1154 1464 1228 fecit,

315 1251 377 1310 siue
395 1250 426 1308 in
444 1257 584 1327 apparatu
600 1248 735 1308 codicum
752 1249 813 1308 siue
831 1249 862 1308 in
875 1248 1048 1309 Prolusione
1064 1266 1154 1326 quam
1170 1249 1291 1308 carmini
1310 1248 1465 1326 praemisit,

315 1362 439 1420 semper,
463 1353 494 1402 ut
522 1343 653 1413 decebat,
674 1343 760 1419 exegi
787 1343 1045 1420 scrupulosissime.
1089 1341 1206 1403 Scholia
1230 1351 1329 1402 tamen
1356 1351 1465 1414 uetera,

317 1436 517 1514 Saluagnianis
537 1436 702 1513 integriora,
716 1455 753 1496 ex
767 1435 938 1497 Askeuiano
956 1437 1059 1498 codice
1080 1437 1198 1514 protulit
1216 1437 1247 1496 in
1267 1435 1371 1507 lucem,
1386 1435 1465 1494 unde

316 1533 346 1590 in
359 1532 415 1591 hac
429 1530 555 1590 editione
569 1548 667 1590 rursus
684 1529 838 1607 publicani,
853 1530 970 1591 conlata
983 1548 1052 1590 cum
1066 1531 1156 1590 altero
1172 1530 1274 1590 codice
1289 1531 1338 1608 qui
1352 1530 1383 1589 in
1394 1528 1465 1590 Col-

314 1625 392 1702 legio
406 1623 546 1700 Corporis
559 1623 665 1684 Christi
679 1623 758 1702 apud
772 1642 827 1684 nos
841 1633 927 1697 extat,
941 1625 1105 1702 turpissime
1124 1623 1171 1684 ille
1188 1625 1307 1702 quidem
1321 1622 1464 1696 foedatus

315 1720 368 1779 sed
392 1728 424 1778 ut
443 1718 595 1796 pristinam
614 1718 743 1795 speciem
767 1717 944 1779 scholiorum
968 1718 1080 1778 fidelius
1100 1718 1245 1778 interdum
1268 1726 1466 1795 repraesentet

315 1812 494 1872 Askeuiano.
536 1809 606 1869 Non
633 1810 813 1871 omittendus
840 1812 965 1889 denique
994 1821 1038 1871 est
1064 1811 1100 1871 A.
1125 1810 1240 1870 Riesius
1266 1811 1317 1888 qui
1344 1810 1465 1871 editioni

315 1905 547 1967 Tauchnitiauae
561 1905 715 1964 nonnullas
728 1904 869 1965 lectiones
883 1925 920 1966 ex
934 1905 1165 1966 Francofurtano
1179 1904 1281 1965 codice
1295 1903 1450 1982 praemisit

357 2000 388 2059 Si
406 1999 471 2076 quis
487 2008 585 2059 autem
598 1998 721 2058 leuitatis
734 2017 782 2058 me
801 2000 926 2076 arguerit
940 2001 1021 2077 quod
1038 1998 1211 2077 opusculum
1230 1998 1280 2058 diu
1298 1999 1465 2075 neglectum

314 2112 411 2154 nusus
426 2092 612 2169 susceperim,
627 2093 718 2153 discat
732 2111 794 2152 non
809 2093 850 2154 sic
865 2095 902 2154 de
917 2094 1001 2154 Ibide
1018 2094 1159 2154 iudicasse
1179 2094 1252 2153 duos
1261 2093 1345 2154 xuiros
1359 2093 1465 2171 qrribus

314 2187 395 2248 haud
411 2187 473 2247 scio
493 2205 532 2247 an
552 2185 622 2245 nulli
643 2187 691 2246 uel
710 2187 829 2264 ingenio
850 2189 897 2248 uel
916 2189 1048 2249 doctrina
1069 2187 1292 2265 praestantiores
1309 2188 1464 2248 extiterint

316 2281 363 2342 Sic
381 2282 460 2342 enim
473 2279 620 2340 Bentleius
641 2281 671 2338 in
693 2280 892 2342 dissertatione
907 2283 944 2342 de
958 2281 1038 2342 Phal
1053 2282 1145 2359 Epist.
1159 2283 1177 2340 i.
1192 2301 1223 2360 p.
1240 2300 1298 2354 240
1312 2281 1356 2341 ed
1372 2281 1463 2359 Dyce.

315 2375 391 2435 ‘But
404 2374 442 2433 he
457 2373 523 2434 aslis
538 2391 595 2445 me,
609 2374 701 2433 where
714 2376 747 2433 do
761 2373 785 2431 I
789 2375 860 2452 find
872 2376 936 2435 thot
947 2376 1089 2435 Phalaris
1103 2393 1165 2435 was
1179 2375 1267 2435 barat
1278 2378 1308 2434 in
1322 2375 1368 2433 bis
1382 2374 1443 2434 bull
1448 2379 1465 2433 1³

314 2469 355 2546 (p.
374 2464 445 2546 133)
459 2467 474 2526 I
488 2467 550 2526 lind
563 2467 585 2526 it
598 2468 629 2526 iu
641 2466 743 2528 Ovid’s
756 2466 834 2528 Ibis:
1264 2473 1267 2480 '

463 2561 545 2638 thue
553 2563 651 2641 ferox
670 2561 822 2636 Phalanti,
842 2564 942 2651 lingua
959 2565 1042 2639 prcus
1061 2583 1122 2623 ense
1141 2571 1250 2635 resecta,

494 2655 579 2715 More
599 2656 684 2727 bouis,
704 2655 819 2733 Papira
838 2658 951 2716 clausus
971 2661 1001 2716 in
1022 2677 1083 2716 aere
1098 2676 1219 2734 gemos,·
1242 2653 1340 2738 [439]

312 2749 372 2809 and
382 2750 412 2809 in
426 2749 475 2810 the
489 2750 540 2809 old
554 2747 781 2827 scholiasthpon
795 2751 845 2810 the
859 2751 953 2826 place;
973 2750 1117 2811 Phalaris
1130 2753 1240 2826 absentet
1251 2758 1353 2811 resecto
1362 2752 1463 2828 lragua

311 2846 343 2903 iu
357 2851 470 2902 taurum
485 2863 595 2902 anuum
614 2847 746 2904 conz'ectus
766 2844 917 2904 est—But
928 2847 961 2904 do
971 2865 1032 2920 you
1049 2845 1110 2904 take
1123 2856 1168 2922 up,
1183 2864 1248 2923 says
1262 2845 1318 2904 Mr.
1333 2845 1377 2917 B,
1391 2844 1463 2903 wath
1574 2897 1579 2908 .

311 2937 355 2996 the
367 2937 478 3014 trrflr'ng
490 2937 592 2999 author
608 2937 695 3015 ostie
708 2954 798 2997 verses
811 2949 882 3014 upon
897 2938 986 2998 Ibis?
1008 2939 1037 2998 A
1049 2938 1119 2999 little
1133 2938 1216 2999 while
1231 2956 1297 3016 ago,
1315 2939 1392 2997 Ouid
1401 2955 1464 2997 was

310 3050 359 3089 one
372 3032 408 3108 cy‘
420 3031 464 3089 the
480 3037 602 3108 greatest
618 3033 683 3090 wtts
698 3032 736 3110 os
747 3032 792 3091 the
804 3033 933 3106 ancriuts,
947 3034 1008 3092 ond
1024 3053 1058 3092 as
1074 3033 1156 3092 much
1174 3033 1255 3092 above
1268 3031 1416 3091 Manilius
1429 3050 1463 3090 os

310 3124 421 3184 Nm
441 3142 502 3183 was
521 3124 686 3184 hondromcr
706 3125 775 3184 thou
792 3124 932 3186 Ihersites
946 3125 986 3206 (p.
1004 3123 1063 3203 28).
1106 3126 1164 3186 But
1183 3145 1251 3186 now
1271 3126 1320 3186 the
1339 3125 1418 3186 wind
1438 3125 1463 3184 is

312 3216 447 3293 changed
465 3218 561 3294 again,
576 3218 634 3277 and
651 3217 688 3277 he
695 3219 718 3278 ’s
732 3237 750 3278 a
767 3219 874 3297 trifling
891 3220 996 3280 author
1017 3266 1023 3279 .
1048 3266 1055 3280 .
1076 3265 1082 3280 .
1107 3265 1114 3279 .
1137 3220 1194 3281 But
1214 3220 1288 3297 why,
1303 3220 1318 3278 I
1333 3237 1413 3297 pray‚
1427 3236 1461 3278 so

312 3329 411 3370 severe
421 3329 504 3388 upon
514 3309 607 3370 Ovidi
627 3311 693 3388 why
706 3323 784 3372 must
799 3315 837 3372 he
851 3313 924 3373 have
939 3332 979 3374 no
994 3315 1084 3375 credit
1097 3315 1128 3373 in
1143 3332 1161 3374 a
1174 3324 1278 3374 matter
1292 3313 1326 3374 oi
1337 3313 1462 3390 history?

312 3406 381 3465 Will
395 3406 452 3466 Mr.
467 3406 502 3464 B.
516 3407 673 3483 stigmatise
688 3406 749 3465 him
764 3407 809 3467 for
828 3426 845 3466 a
862 3405 1007 3467 lai-maker
1021 3409 1219 3488 &myosota
1235 3411 1276 3485 (p.
1295 3404 1374 3485 164),
1389 3405 1461 3466 such

267 3491 268 3498 ἵ
311 3519 344 3562 as
358 3501 395 3560 he
410 3499 571 3577 obhgingly
586 3500 714 3560 declares
729 3501 766 3560 all
780 3508 858 3577 poeta
873 3522 923 3561 are
935 3503 1002 3563 aaa
1016 3507 1067 3562 tot
1097 3502 1142 3563 Oi
1158 3502 1196 3562 all
1212 3502 1261 3562 the
1275 3503 1388 3562 various
1402 3501 1461 3559 his·

311 3595 399 3655 tories
413 3595 476 3653 that
489 3611 537 3653 are
557 3594 686 3654 touched
704 3612 746 3654 on
768 3597 797 3653 in
813 3595 913 3656 Ovid's
928 3597 996 3671 Ibis,
1012 3595 1116 3659 there’s
1134 3607 1186 3657 not
1204 3615 1262 3656 one
1277 3597 1307 3656 in
1322 3595 1396 3674 forty
1410 3596 1461 3654 but

311 3689 386 3750 what
396 3707 439 3747 we
450 3688 523 3747 have
537 3697 567 3747 at
580 3687 636 3748 this
647 3687 703 3766 day
714 3688 797 3750 other
810 3691 891 3766 good
906 3693 1048 3752 vouchers
1062 3691 1108 3751 for
1118 3689 1234 3751 besides
1248 3690 1297 3751 the
1307 3699 1377 3768 poet
1387 3689 1461 3748 him-

312 3783 372 3842 self.
415 3782 494 3853 And,
509 3781 630 3842 without
643 3784 786 3860 question,
802 3784 838 3844 he
852 3785 911 3844 had
928 3785 1048 3846 authors
1062 3785 1107 3845 sor
1121 3786 1171 3845 the
1185 3795 1251 3858 rest,
1266 3783 1378 3861 though
1393 3783 1461 3860 they

311 3896 361 3936 are
372 3887 424 3936 not
434 3894 501 3935 now
513 3877 637 3948 extant3'
652 3876 790 3955 additque
800 3898 836 3937 ex
848 3878 990 3938 Cicerone
1005 3878 1103 3939 locum
1114 3877 1188 3958 (Off.
1198 3879 1225 3938 ii.
1236 3875 1268 3956 7)
1276 3896 1336 3956 quo
1348 3877 1460 3937 distichi

311 3971 402 4030 Ibidis
420 3971 456 4030 de
471 3970 631 4030 Phalaridis
651 3981 735 4031 tauro
756 3973 907 4032 ueritatem
928 3972 1089 4032 confirmet.
1134 3971 1205 4030 Non
1219 3971 1315 4031 minor
1327 3970 1461 4032 laudator

311 4064 345 4125 B.
367 4065 404 4126 G.
426 4063 601 4126 Niebuhrius
625 4064 691 4123 Ibin
716 4074 744 4124 et
767 4066 913 4125 lectitabat
937 4075 966 4125 et
990 4066 1163 4124 celebrabat.
1204 4064 1308 4142 ltaque
1332 4075 1361 4125 et
1385 4065 1461 4124 duos

310 4157 391 4218 locos
415 4159 617 4234 interpretatus
641 4167 693 4230 est,
717 4176 816 4233 gog-4
840 4160 877 4218 de
902 4168 1094 4219 monumento
1116 4157 1216 4233 Pyrrhi
1241 4157 1283 4216 M.
1305 4158 1399 4218 diruto
1422 4158 1460 4217 ab

310 4249 465 4328 Epirotis*
486 4269 545 4328 quo
567 4262 699 4327 tempore
717 4251 902 4311 Deidamiam
923 4270 1041 4329 quoque
1062 4251 1256 4312 interficerent
1273 4249 1409 4330 (305-6),
1432 4260 1460 4309 et

342 4410 357 4444 *
369 4408 456 4456 Eadem
466 4409 540 4456 fuerat
549 4411 660 4455 sententia
668 4408 799 4456 Casauboni
809 4409 837 4456 ad
846 4409 939 4457 Sueton.
948 4408 1002 4458 Tib.
1011 4420 1043 4472 54
1051 4407 1182 4457 Araborum
1190 4407 1222 4456 sic
1230 4407 1334 4470 reliquiis
1342 4405 1458 4468 dispersis,

311 4479 336 4520 ut
349 4474 390 4521 uia
402 4475 534 4538 mundoque
544 4474 626 4537 collr'gi
638 4481 735 4534 possent.
771 4475 840 4522 ‘Fuit
857 4475 1040 4522 saeuissimorurn
1056 4473 1176 4522 hominurn
1193 4488 1251 4531 mos,
1264 4473 1366 4534 reliquias
1379 4483 1458 4518 eorum
