3312 5200
279 445 318 501 90
760 441 942 503 SCHOLI'A

321 615 389 676 521.
410 599 526 678 thue
540 601 717 679 repertori.
732 600 834 660 Archi·
916 599 1119 673 Archilochus,
1148 601 1265 662 iambici
1292 599 1436 665 carminis

279 679 363 742 locus
404 683 539 743 inuentor
580 684 677 755 iambi,
713 692 834 759 propter
873 682 1017 754 inuentor,
1043 685 1091 743 cui
1114 683 1316 746 maledicentia
1341 689 1435 746 exitio

279 763 395 840 linguae
423 783 493 823 suae
521 765 702 843 prauitatem,
725 765 831 823 missus
873 763 933 822 fuit.
979 763 1045 824 θοαί.
1061 763 1224 842 Saluagmt.

279 847 365 904 estin
380 846 505 905 exilium.
544 845 577 906 C

323 942 390 1002 5²3·
412 927 527 1004 thue
557 945 676 1004 parum
707 926 834 986 stabili.
918 925 1054 988 *Manius
1076 939 1174 1004 poeta,
1192 930 1261 1006 quia
1281 929 1358 990 male
1379 931 1431 989 de·

283 1005 835 1086 *QuidampoetasactaAtheniensium
878 1009 991 1104 scripsit
1012 1009 1233 1070 Atheniensium
1253 1006 1373 1093 [gesta]‚
1392 1015 1430 1070 ab

280 1091 356 1149 male
378 1092 547 1185 descripsit.
572 1109 661 1166 quare
682 1091 720 1149 ab
742 1090 783 1148 eis
805 1099 835 1148 et
876 1091 918 1150 eis
943 1093 972 1148 in
997 1109 1143 1150 carcerem
1168 1093 1280 1168 positus
1304 1103 1357 1163 est,
1379 1094 1430 1152 ubi

280 1172 343 1231 eius
358 1174 464 1248 scripta
478 1173 632 1231 combusta
642 1171 835 1230 suntetidem
876 1189 944 1230 eum
959 1171 1036 1231 same
1050 1173 1125 1230 mori
1143 1172 1273 1232 lecerunt
1290 1184 1320 1232 et
1339 1175 1431 1234 libros

280 1253 357 1313 fame
372 1255 463 1330 periit„
509 1252 546 1312 G.
876 1255 938 1312 eius
953 1253 1129 1312 deleuerunt
1170 1255 1239 1313 Ask.
1254 1261 1280 1313 et
1293 1254 1327 1315 C.

322 1335 555 1405 Anaxandrides',
570 1353 632 1394 non
646 1333 771 1402 Meuius,
785 1343 817 1392 ut
831 1333 914 1392 multi
929 1335 1094 1394 retulerunt.
1140 1335 1218 1394 hunc
1234 1337 1312 1394 enim
1328 1335 1429 1396 Anax-

282 1417 434 1476 andridem
458 1416 611 1476 Eustacius
639 1416 725 1475 refert
753 1433 844 1492 quom
871 1416 1067 1475 Athenienses
1089 1418 1184 1476 bonas
1212 1417 1292 1493 leges
1320 1417 1430 1477 habere

283 1500 391 1558 diceret
410 1498 463 1558 sed
480 1499 562 1557 malis
579 1498 620 1556 uti
638 1516 691 1557 eos
709 1497 893 1573 praedicaret,
909 1507 1149 1574 enumerarotque
1168 1509 1279 1558 ceteras
1294 1501 1429 1558 nationes

282 1599 358 1657 quae
373 1591 421 1639 aut
442 1581 505 1638 sine
526 1579 591 1656 lege
612 1589 711 1638 essent
729 1589 778 1638 aut
797 1597 858 1637 non
878 1579 908 1636 iu
923 1579 1087 1638 condendis
1101 1581 1215 1656 legibus
1229 1590 1344 1639 tantum
1359 1582 1428 1640 salis

282 1662 458 1732 habuissent,
483 1662 547 1720 usui
572 1662 704 1720 uenirent
726 1670 832 1720 tamen,
847 1660 959 1730 melius,
984 1661 1134 1720 coniectus
1159 1663 1190 1720 in
1214 1681 1361 1721 carcerem
1386 1673 1429 1720 est

282 1745 435 1820 inediaque
457 1745 601 1802 extinctus
621 1752 650 1802 et
670 1741 731 1800 eius
748 1760 823 1819 opus
840 1742 955 1818 publice
976 1753 1196 1801 concrematum
1216 1752 1268 1802 est.
1306 1743 1373 1804 Cod.
1391 1747 1428 1819 3⁶

283 1823 387 1885 Semr'n.
402 1826 552 1883 Pataur'ni.
877 1858 883 1870 ·

325 1903 518 1987 [Imprecatur
532 1913 655 1965 mortem
670 1903 814 1963 Aristonis
828 1914 933 1981 poetae
944 1906 1006 1984 qui,
1018 1923 1085 1964 cum
1096 1906 1223 1964 carmine
1236 1905 1429 1965 lacessiuisset

283 1987 464 2047 Athenarum
485 1987 587 2046 laudes
607 1988 756 2045 inmensas
777 1988 897 2062 scriptas
918 1988 957 2046 ab
979 1988 1141 2046 oratoribus
1162 1987 1241 2046 libris
1258 1987 1308 2064 qui
1329 1989 1429 2046 inscri-

283 2071 389 2128 buntur
403 2069 617 2140 Panathenaici‚
632 2068 749 2126 decreto
769 2069 887 2144 publico
902 2068 978 2128 lame
992 2070 1085 2144 perire
1100 2077 1220 2127 coactus
1233 2081 1286 2128 est.
1317 2069 1429 2126 Anaxi-

283 2169 385 2210 menes
404 2161 510 2221 autem,
530 2160 562 2208 ut
583 2160 626 2208 est
647 2149 726 2225 apud
748 2149 930 2222 Pausaniam,
952 2150 1056 2208 libmm
1078 2150 1168 2208 edidit
1185 2150 1215 2208 in
1230 2150 1429 2209 Athenienses

283 2232 535 2292 Lacedaemonios
549 2249 584 2290 ac
598 2231 761 2290 Thebanos
776 2234 830 2289 sub
844 2233 965 2290 nomine
979 2231 1180 2308 Theopompi.
1214 2230 1287 2307 Reg.
1305 2227 1407 2312 2061]

324 2329 391 2389 525.
433 2313 547 2390 thue
589 2313 682 2389 lyrae
727 2323 833 2371 uates.
913 2311 1133 2389 *Lycorrenum
1142 2312 1260 2390 quidam
1270 2323 1358 2390 poeta
1367 2313 1429 2381 fuit,

281 2394 434 2472 *Orpheus
458 2404 587 2471 repertor
611 2394 698 2453 illiciti
726 2395 834 2452 amoris
876 2394 933 2472 qui,
962 2394 1032 2452 dum
1067 2395 1247 2453 comoediam
1281 2413 1364 2453 suam
1399 2396 1430 2452 in

280 2497 298 2537 a
326 2478 524 2536 sacerdotibus
553 2477 658 2534 Bacchi
686 2475 834 2534 dexteram
878 2493 967 2535 scena
988 2476 1135 2547 recitabat,
1167 2494 1264 2552 purae,
1286 2477 1304 2534 i.
1325 2476 1430 2546 nudas,

282 2561 385 2618 amisit.
416 2569 484 2618 tunc
507 2558 562 2629 ille,
587 2559 690 2616 uidens
715 2575 833 2616 senon
874 2574 1031 2635 puerorum
1056 2567 1084 2616 et
1106 2558 1267 2635 puellarum
1295 2558 1431 2617 cohortes

281 2660 370 2719 posse
384 2642 558 2711 citharizare,
567 2640 647 2698 irruit
661 2639 691 2697 in
703 2657 753 2698 eas
764 2639 834 2697 nihil
875 2639 1112 2716 repraesentabat
1130 2648 1160 2699 et
1174 2639 1325 2716 quendam
1345 2642 1432 2697 ιιιιιιιι

318 2816 379 2863 521.
397 2799 485 2851 Μὶιιιιι
504 2807 569 2851 recte
587 2798 611 2850 G
629 2793 808 2848 Archilochus
826 2793 980 2847 iamborum
998 2795 1136 2862 inuentor,
1154 2801 1301 2864 postquam
1320 2794 1431 2848 Licam-

281 2870 334 2923 ben
357 2877 485 2936 coegerat
508 2869 543 2921 ad
567 2866 743 2936 suspendium
766 2864 801 2918 ab
826 2865 920 2919 amicis
944 2866 1002 2918 eius
1026 2873 1186 2934 persecutus
1205 2868 1324 2934 seipsum
1344 2867 1431 2919 iuter-

280 2939 364 2994 fecit!

319 3029 380 3076 523.
398 3009 644 3078 Historiaeficticiae
685 3007 795 3061 Meuius
805 3009 870 3061 Ask
906 3014 982 3075 gesta
992 3009 1074 3061 omC
1108 3023 1219 3061 carcere
1231 3005 1433 3076 positusfultG

282 3097 354 3134 morl
366 3081 475 3134 samec
543 3083 628 3134 Paria
637 3081 715 3133 Mure
726 3092 833 3148 qm
779 3099 805 3132 ιιι
805 3083 866 3148 trt
876 3081 906 3132 de
916 3078 1021 3148 Vergrlrc
1033 3081 1205 3132 obtrectatore.
1242 3082 1272 3132 In
1286 3081 1392 3133 Menio'
1382 3092 1431 3133 asto

283 3171 371 3207 uerum
383 3172 469 3206 nomen
482 3153 561 3205 atere
573 3151 652 3216 credo,
664 3154 781 3214 fortasse
794 3152 880 3220 Menip
825 3162 949 3273 ιοιρραιιι.
985 3152 1029 3202 An
1041 3160 1079 3202 est
1092 3149 1213 3202 Meliust
1237 3170 1284 3218 quo
1296 3169 1394 3203 nomme
1405 3161 1431 3204 rt

283 3225 417 3292 Dragoras
429 3242 460 3274 ex
470 3223 573 3275 Meoet
583 3223 698 3274 Socrates
711 3221 872 3289 tamquamd
889 3242 930 3275 ος
941 3232 993 3275 nott
989 3223 1118 3286 fuerunt
1144 3221 1260 3290 (Suidms
1271 3219 1308 3288 ιι.)
1335 3223 1390 3274 ΙιιΙ
1390 3241 1431 3274 oco

282 3296 457 3347 obscurissimo
468 3312 516 3346 ιιοιι
533 3292 649 3346 dubitaui
666 3292 736 3344 edere
752 3293 967 3360 interpretationes
980 3291 1106 3344 Italorum
1119 3221 1189 3345 δάιε.
1201 3291 1359 3359 XV‚quales
1371 3304 1431 3345 sunt

281 3367 407 3419 Patauini
419 3366 449 3417 de
462 3363 650 3416 Anaxandrrde
660 3371 684 3416 et
696 3381 758 3430 quae
768 3363 835 3415 hanc
847 3374 974 3416 secuntur
1013 3364 1122 3416 Aristot.
1135 3363 1198 3415 Eth
1212 3362 1271 3414 Nic.
1285 3363 1399 3414 Vrr.·.12
1413 3379 1428 3428 3

276 3432 364 3488 Ἐοικε
383 3435 446 3502 δὴ*
433 3457 448 3487 ο
465 3434 575 3502 ἀκρατὴς
591 3431 692 3486 πόλει
679 3455 694 3500 η
706 3434 848 3518 ψηφίζεται
866 3434 913 3499 μέν
930 3433 1028 3486 ἅπαντα
1046 3435 1078 3486 τὰ
1097 3432 1187 3486 δέοντα
1205 3433 1246 3485 καὶ
1264 3434 1391 3500 νόμους*
1375 3455 1431 3503 εχει

283 3504 448 3571 σπουδαίους,
466 3506 559 3574 χρῆται
572 3503 599 3558 δέ
613 3503 695 3565 οὐδέν,
709 3505 798 3571 ὥσπερ
810 3501 1008 3573 Αναξανδρίδης
1025 3501 1181 3573 ἔσκωψεν,“
1185 3511 1209 3555 H
1222 3505 1299 3559 πόλις
1310 3501 1430 3588 έβοόλεό

282 3572 299 3645 ᾗ
312 3579 395 3644 νόμων
406 3577 480 3630 οὐδέν
492 3575 574 3644 μέλει
610 3575 659 3626 Sed
670 3575 912 3628 Anaxandridem
901 3594 930 3628 ιιι
946 3593 1081 3628 carcerem
1085 3577 1219 3627 correctum
1235 3575 1318 3628 inedia
1325 3576 1431 3644 periisse

282 3667 330 3701 ιιοιι
349 3651 455 3718 comperi
475 3667 549 3716 neque
566 3647 637 3715 apud
650 3647 839 3699 Eustratrrrm
829 3664 856 3697 ιιι
874 3656 1004 3698 comment
1021 3647 1059 3698 ad
1072 3646 1134 3698 Eth.
1151 3648 1209 3699 VII
1225 3663 1254 3696 ra
1269 3663 1343 3713 neque
1360 3647 1433 3715 apud

282 3721 449 3773 Eustathium
462 3720 499 3772 ad
509 3719 582 3771 Hom.
599 3731 675 3802 ιρ73,
692 3721 767 3783 1834,
780 3736 855 3784 neque
866 3727 926 3769 ante
937 3735 976 3768 me
994 3719 1112 3784 comperit
1125 3716 1290 3786 Saluagnius
1329 3717 1378 3768 Sed
1387 3737 1431 3770 nec

281 3791 406 3845 Henritus
414 3790 586 3855 Chandler,
560 3807 601 3841 mr
609 3791 636 3841 in
646 3787 812 3841 Arestotelicis
822 3787 945 3840 studiis'
922 3807 943 3840 ιι
954 3789 1008 3855 quis
1018 3788 1086 3840 alius
1095 3788 1226 3849 excellens,
1235 3788 1288 3841 tale
1297 3790 1430 3855 quicquam

281 3864 308 3914 in
321 3863 457 3915 Eustratio
468 3862 570 3914 inuenit.
615 3862 694 3912 Paus.
709 3860 752 3911 1⁷1.
768 3862 798 3909 18
812 3858 929 3910 Φαίνεται
946 3858 974 3910 δέ
986 3879 1026 3910 και
1019 3856 1147 3928 ἅνδραὸ
1159 3854 1324 3948 Ἀναξιμένης
1335 3856 1432 3928 ἐχθρὸν

282 3932 328 3984 οὐκ
346 3931 512 4000 ἀμαθέστατα
529 3929 598 3983 άλλὰ
616 3931 656 3981 καί
674 3927 905 3997 έπιφόονώτατο’
890 3928 1055 3996 αμυνάμινος.
1082 3926 1206 3997 ἐπεφύκει
1222 3929 1269 3996 μέν
1286 3927 1363 3983 αὐτὸς
1380 3950 1431 3982 σο

281 4003 380 4071 φιστὴι
391 4005 432 4056 καὶ
444 4003 583 4072 σοφιστῶν
594 4001 690 4068 λόγους
702 3998 870 4076 μιμεῖσθαι·“
858 4020 893 4054 αις
908 3998 937 4051 δέ
949 3999 973 4051 ol
982 3998 1124 4068 διαφορὰ’
1111 4021 1137 4053 ις
1150 4000 1304 4067 θεόπομπον
1316 4000 1431 4068 ἐγεγόνει

280 4075 325 4127 τὸν
342 4073 570 4142 Δαμασιστράτου,
582 4072 687 4161 γράφει
695 4063 832 4134 βιβλίον’
818 4091 845 4124 ις
856 4068 1012 4138 Ἀθηναίους,
1025 4069 1096 4122 ral‘
1082 4091 1125 4124 erre
1116 4069 1379 4135 Λακιδαιμονίοις’
1365 4074 1432 4155 ομοῦ

280 4165 322 4197 και
313 4145 466 4210 Θηβαίοις,
477 4141 632 4232 συγγραφην
644 4140 796 4232 λοίδρρον,
783 4163 817 4194 ως
827 4140 854 4193 δέ
867 4138 922 4208 ἦν’
909 4162 935 4194 ις
944 4141 973 4193 τὸ
982 4138 1211 4210 άκριβέστατον’
1181 4139 1251 4230 carpi
1261 4140 1430 4209 μεμιμημένα,

281 4213 430 4284 ἐπιγράψας
447 4217 493 4268 τοῦ
510 4216 666 4304 θεοπόμπου
684 4213 714 4264 τὸ
732 4209 812 4280 ὄνομα
830 4232 866 4282 τῳ
853 4212 982 4300 βιβλίῳ
1001 4210 1138 4280 διέπεμπεν
1156 4212 1237 4266 ele
1209 4233 1255 4265 τας
1272 4213 1370 4265 πόλεις·
1388 4211 1431 4264 καί

279 4285 356 4339 αιἰτός
368 4306 396 4337 τε
409 4280 626 4376 συγγιγραφὼς’
611 4305 650 4349 ην,
663 4281 704 4334 καί
715 4284 746 4335 τὸ
757 4281 834 4352 ἔχθος
845 4281 905 4336 ἰδ’
885 4303 918 4336 ες
931 4263 1112 4348 θεόπομπον’
1097 4283 1144 4335 aad
1156 4284 1244 4336 πᾶσαν
1255 4282 1302 4348 τὴν
1313 4279 1431 4335 Ελλάδα

279 4353 416 4446 ἐπηύξητο.
460 4355 491 4408 οίι
515 4356 564 4423 μὴν
584 4353 644 4407 οὐδέ
662 4353 742 4406 είπειν
759 4374 798 4408 τις
818 4352 992 4422 ουτοσχεδίως
1012 4349 1192 4421 Ἀναξιμένους
1200 4352 1371 4441 πρότερός’
1357 4374 1431 4406 εστιν

279 4425 399 4513 εὑρηκώς
421 4426 453 4479 τὰ
455 4426 521 4516 ἔπη
544 4425 620 4478 δε
593 4445 625 4478 το
644 4424 671 4479 ἐς
695 4421 867 4493 Ἀλέξανδρον
887 4426 918 4476 οὕ
938 4444 983 4491 μοι
1005 4425 1087 4477 πιστά
1108 4424 1181 4478 ἐστιν
1200 4420 1365 4493 Ἀναξιμένην
1385 4425 1431 4478 τόν

279 4494 423 4564 ποιήσαντα
441 4491 513 4550 εἶναι.
584 4494 757 4562 pantheniaci
775 4495 895 4548 carmine
913 4495 976 4563 Reg.

317 4583 377 4633 5²5·
395 4573 523 4636 repertor
533 4569 607 4619 Lacr
622 4566 706 4620 Narr.
721 4566 785 4619 Fab.
797 4568 834 4620 X.
852 4566 1011 4634 rpuerilem
1023 4580 1154 4619 uenerem
1168 4565 1286 4627 instituit
1334 4561 1428 4620 citari·
