3296 5210
314 449 373 506 184
778 447 1005 509 EXCVRSVS.

312 603 506 660 celebritatem
526 604 624 659 mortis
649 603 707 659 iure
732 605 806 660 inter
828 622 878 661 eos
903 604 1098 661 accensendus
1119 605 1202 660 luerit
1222 604 1269 676 qui
1292 621 1324 659 se
1345 603 1375 658 in
1396 619 1466 673 pyra

313 676 538 743 combusserunt,
550 675 626 730 lacta
638 685 680 730 est
693 675 770 730 enim
782 693 828 731 res
841 676 992 746 Olympiae
1007 677 1037 731 in
1054 675 1179 731 maximo
1196 685 1338 730 conuentu
1356 684 1466 743 specta-

312 755 406 800 torum
436 744 545 816 (Pereg.
565 745 609 800 xxi
634 746 662 799 έν
681 743 811 816 Ὀλυμπίᾳ
833 749 879 814 τῆς
899 746 1064 818 πανηγύρεως
1084 746 1236 814 πληθούσης
1255 749 1336 816 μόνον
1356 745 1405 798 οὐκ
1425 745 1467 798 ε’πι

313 819 409 884 σκηνῆς
420 816 529 884 ὀπτήσει
542 815 652 884 ἑαυτὸν),
665 833 757 887 neque
770 817 799 871 in
812 817 975 873 uniuersum
988 817 1193 872 inconueniens
1206 817 1243 873 sit
1255 816 1351 871 uerbis
1363 821 1466 885 poetae

312 887 404 942 exitus
425 887 567 957 Peregrini
586 887 677 958 qualis
695 905 713 942 a
732 888 857 943 Luciano
878 898 1015 958 narratur,
1034 889 1069 944 cl.
1089 888 1244 958 cupidine
1266 887 1383 942 mortis
1403 902 1466 940 cum

315 959 383 1013 Luc.
398 958 442 1012 xxi
461 959 542 1028 έχρῆν
559 959 594 1028 μὴ
609 957 773 1027 δραπετεύειν
787 959 815 1012 έκ
833 962 880 1013 τοῦ
897 960 967 1026 βίου,
985 959 1058 1015 xxxii
1077 958 1227 1014 θανατιῶντι
1245 959 1376 1028 σοφιστῇ,
1395 973 1468 1011 suc·

313 1045 436 1084 censae
465 1045 565 1098 pyrae
593 1045 658 1083 cum
685 1028 749 1083 xxix
775 1033 827 1099 πῦρ
851 1028 1006 1096 ἀνακαύσας,
1032 1049 1104 1084 xxxv
1129 1030 1361 1098 καταλαμβάνομεν
1384 1028 1469 1097 πυρὰν

313 1098 469 1168 νενησμένην
488 1099 517 1154 έν
536 1099 612 1162 βάθει
633 1098 698 1154 ὅσον
718 1099 746 1155 ές
766 1099 872 1171 ὀργυιὰν
892 1102 923 1154 τδ
944 1101 1034 1165 βάθος.
1071 1100 1153 1170 Δᾷδες
1173 1098 1241 1167 ἦσαν
1261 1100 1294 1154 τδ
1314 1098 1407 1154 πολλὰ
1428 1097 1469 1150 καὶ

312 1170 496 1240 παρεβέβυστο
513 1174 565 1224 τῶν
582 1170 731 1240 φρυγάνων,
749 1171 783 1226 ὣς
800 1171 926 1240 ἀναφθείη
944 1172 1150 1241 τάχιστα-ποι]
1169 1187 1205 1226 ea
1221 1181 1319 1225 tamen
1338 1177 1383 1224 est
1402 1185 1469 1222 con-

312 1239 445 1296 formatio
468 1256 601 1295 uersuum
625 1257 712 1311 quam
736 1258 803 1296 uere
827 1241 894 1296 huic
917 1243 1089 1324 respondere
1114 1258 1240 1298 censeas.
1286 1239 1364 1310 Quid
1391 1238 1469 1293 enim

315 1309 446 1366 ferunt?
483 1313 561 1366 Num
578 1311 614 1366 de
629 1329 664 1366 eo
679 1310 831 1367 dicendum
848 1322 908 1367 erat
925 1330 1004 1368 cuius
1021 1330 1098 1367 mors
1110 1323 1171 1368 erat
1185 1311 1356 1367 notissima?
1373 1326 1470 1364 nonne

314 1382 351 1436 de
363 1398 398 1437 eo
410 1381 504 1452 potius
518 1381 564 1452 qui
582 1382 678 1437 multis
691 1392 757 1438 ante
772 1383 892 1438 saeculis
907 1383 1023 1453 uixerat,
1036 1393 1066 1439 ut
1083 1383 1192 1438 incerta
1208 1392 1319 1437 tantum
1336 1381 1416 1435 sama
1432 1380 1470 1434 ad

313 1462 443 1523 posteros
455 1452 636 1523 peruenerit?
668 1455 769 1524 Neque
782 1453 811 1508 in
825 1453 977 1524 Peregrino
989 1464 1100 1510 tantum
1112 1453 1200 1509 ualuit
1213 1454 1251 1508 ad
1264 1451 1469 1508 cremationem

314 1523 414 1578 mortis
438 1522 542 1595 cupido
567 1540 653 1610 quam
677 1524 812 1580 iactantia
835 1533 864 1580 et
891 1524 998 1594 gloriae
1022 1542 1109 1580 amor.
1159 1523 1280 1594 Saepius
1304 1524 1360 1577 hoc
1386 1522 1469 1577 iterat

316 1594 467 1664 LucianuS,
486 1594 533 1649 xiv
551 1594 646 1661 defutr’
665 1595 696 1648 δν
713 1594 859 1661 ἀποθανεῖν,
877 1596 912 1652 ὧς
929 1596 1009 1665 δόξαν
1025 1596 1068 1651 έπί
1086 1593 1169 1667 τούτῳ
1187 1595 1322 1657 ἀπολίποι,
1340 1612 1377 1647 xx
1394 1593 1470 1646 οὐδὲν

313 1665 352 1718 ἔτι
370 1669 529 1736 καινουργεῖν
540 1663 645 1719 έδύνατο
657 1666 703 1736 ίφ’
716 1665 767 1737 ὅπερ
784 1664 907 1734 ε’κπλίγξει
921 1665 982 1722 τούς
997 1666 1199 1753 ένπιγχάνοντας
1215 1666 1257 1719 καὶ
1274 1662 1413 1733 θαυμάζειν
1428 1665 1470 1717 καὶ

313 1737 379 1806 πρὸς
390 1737 466 1790 αι’πδν
477 1735 637 1800 ἀποβλέπειν
647 1735 758 1805 ποιήσει,
770 1734 849 1806 οὗπερ
860 1737 890 1806 ίξ
902 1736 984 1808 ἀρχῆς
995 1735 1087 1806 δριμυν
1095 1759 1151 1790 τινα
1164 1738 1246 1806 ἔρωτα
1257 1736 1323 1805 έρῶν
1334 1733 1470 1805 ἐτύγχανε,

314 1825 368 1862 xxx
380 1804 455 1860 Ἀλλ’
464 1809 560 1860 ὁπόταν
572 1808 680 1862 Κυνικὸς
691 1809 859 1874 πολυώνυμος
871 1807 897 1863 ές
908 1809 1000 1878 φλόγα
1010 1807 1112 1875 πολλὴν
1125 1805 1236 1875 Πηδίγση
1249 1806 1326 1875 δόξης
1338 1803 1382 1860 ὑπ’
1390 1802 1472 1874 έρινύῖ

314 1877 396 1945 θυμόν
412 1877 529 1946 ὀρινθείς,
547 1877 629 1932 xxxiv
645 1875 713 1932 οὕτω
727 1877 861 1948 δυσέρωτα
878 1880 924 1947 τῆς
940 1879 1019 1948 δόξης
1034 1878 1178 1948 ὅνθρωπον,
1197 1877 1233 1932 ib.
1254 1877 1408 1947 ἐνεφορεῖτο
1425 1877 1472 1943 τῆς

314 1947 400 2015 δόξης,
413 1947 514 2002 xxxviii
526 1948 557 2001 τό
568 1948 714 2017 φιλόδοξον
729 1945 785 2002 οἶόν
800 1949 827 2002 τί
837 1948 911 2003 έστιν
922 1949 1143 2030 ἀναλογιζόμενος.
1181 1951 1219 2002 Et
1232 1948 1309 2018 quod
1322 1948 1470 2002 estmulto
1522 1973 1527 1982 ·

313 2018 514 2088 grauissimum
529 2020 646 2074 Proteus
659 2035 772 2089 semper
784 2029 901 2074 uocatur
914 2036 931 2074 a
945 2021 1078 2088 Lucrano,
1091 2021 1126 2075 ὣς
1136 2019 1212 2074 αὐτὸς
1223 2019 1328 2088 ἔχαιρεν
1338 2017 1471 2085 ὀνομάζων

314 2089 405 2142 ίαυτδν
423 2088 553 2157 Πρωτεὺς,
572 2089 634 2143 αύτδ
652 2089 683 2158 δίη
701 2089 784 2143 έκεῖνο
801 2092 831 2144 τὸ
849 2093 895 2144 τοῦ
910 2088 1049 2162 Ὁμηρικοῦ
1067 2089 1194 2161 Πρωτέως
1211 2089 1314 2158 ἔπαθεν,
1331 2087 1362 2142 iii
1380 2087 1409 2143 ε’ς
1424 2090 1470 2143 τὸν

315 2159 433 2229 Πρωτέα,
458 2159 486 2214 ἰν
504 2159 613 2229 Πρωτέα
630 2161 675 2214 τδν
694 2159 722 2214 έν
739 2161 817 2230 Συρίᾳ
835 2160 948 2228 δεθέντα,
964 2180 985 2216 v
1003 2162 1051 2215 οὐκ
1068 2162 1104 2217 είς
1122 2161 1221 2230 μακρὰν
1238 2158 1329 2214 καύσει
1347 2160 1469 2214 έαυτδνό

314 2230 445 2300 Πρωτεὺς,
463 2222 498 2284 cs.
515 2229 552 2299 vi,
570 2229 616 2298 xii,
634 2249 679 2300 xv,
698 2230 772 2300 xxiii,
790 2231 872 2301 xxvii,
891 2230 984 2300 xxviii,
1002 2231 1074 2300 xxix,
1093 2251 1154 2300 xxx,
1169 2229 1254 2299 xxxii,
1270 2228 1362 2298 xxxvi,
1378 2229 1469 2298 xxxix,

316 2303 353 2368 xl,
365 2299 421 2371 xlii,
434 2311 462 2357 et
479 2300 521 2355 sic
536 2318 580 2370 ap.
594 2301 736 2356 Ammian.
750 2301 822 2357 xxix.
839 2317 860 2370 1,
879 2302 994 2358 Philost.
1008 2302 1064 2357 Vit.
1080 2303 1168 2373 Soph.
1181 2301 1208 2356 ii.
1226 2316 1265 2369 13,
1279 2301 1351 2355 Gell.
1365 2300 1412 2355 xii.
1430 2316 1469 2354 ιι.

316 2373 424 2427 Contra
445 2372 559 2427 codices
582 2371 671 2426 Ibidis
694 2371 793 2442 optimi
814 2374 939 2427 Brdtean
961 2373 1103 2442 exhibent,
1124 2389 1178 2428 nec
1199 2371 1338 2428 breuitate
1359 2371 1469 2441 primae

315 2443 441 2513 syllabae
460 2460 514 2497 nec
529 2442 683 2497 accusatiui
700 2444 791 2497 forma
807 2453 1009 2512 congruentem
1022 2461 1086 2499 cum
1099 2444 1216 2510 Prolem
1233 2459 1287 2497 nec
1302 2441 1388 2497 uideo
1401 2459 1470 2512 quo·

315 2515 402 2568 modo
415 2531 450 2569 ex
464 2513 614 2584 protheum
630 2514 707 2584 quod
723 2514 810 2568 habet
826 2514 917 2569 codex
932 2513 1144 2570 recentissimus
1161 2514 1219 2568 Pal.
1236 2526 1304 2582 1709
1317 2512 1469 2585 quicquam

315 2585 355 2640 sis
369 2594 526 2640 extorturus
539 2584 615 2654 quod
630 2583 719 2638 Ibidis
732 2601 830 2640 uersus
842 2584 932 2655 possit
945 2585 1078 2655 recipere.

353 2659 430 2710 Nam
449 2655 473 2709 si
492 2672 596 2709 nomen
615 2672 667 2725 per
682 2671 714 2709 se
730 2671 744 2708 s
765 2665 842 2710 ectes
859 2656 1002 2726 nequead
1016 2659 1149 2711 Proteum
1161 2673 1253 2726 neque
1266 2655 1304 2710 ad
1317 2654 1471 2710 Biothearu

316 2726 495 2781 referendum
508 2735 576 2781 erat.
615 2724 710 2780 Sensit
722 2725 731 2779 i
766 2727 930 2781 Gerbardus
943 2725 971 2780 in
986 2729 1062 2780 Mus.
1076 2727 1166 2780 Rhen.
1182 2729 1258 2781 Nou.
1269 2725 1326 2781 viii.
1340 2739 1470 2794 130-133,

315 2797 365 2852 ubi
383 2798 460 2851 locos
476 2797 557 2851 affert
574 2806 702 2851 ueterum
734 2795 818 2851 uibus
831 2799 950 2852 Broteas
962 2798 1137 2853 mentionem
1150 2798 1246 2852 babet.
1284 2797 1356 2851 Sunt
1374 2804 1469 2850 autem

318 2867 442 2937 (praeter
452 2866 535 2922 Ouid.
549 2868 589 2921 M.
600 2886 627 2921 v.
640 2880 697 2934 107,
707 2884 725 2921 u
747 2867 755 2920 i
769 2867 841 2923 inter
852 2868 1002 2937 Cephenas
1016 2871 1135 2923 Broteas
1149 2879 1201 2935 est,
1212 2867 1260 2921 xii.
1270 2868 1324 2922 260
1335 2865 1383 2921 ubi
1397 2866 1471 2921 inter

317 2937 465 3008 Lapithas)
478 2937 526 2992 hi:
550 2940 634 2992 Paus.
653 2937 681 2992 ii.
694 2953 737 2992 22.
750 2953 775 3006 3,
794 2939 842 2992 ubi
862 2940 1014 2994 Tantalum
1032 2939 1076 2992 τὸν
1089 2937 1208 2992 Θυέστου
1225 2939 1305 2993 παῖδα
1323 2936 1338 3006 t,
1357 2937 1471 3007 Βροτέου

317 3008 474 3063 Pausanias
496 3007 643 3077 distinguit
665 3009 701 3063 ab
724 3008 780 3064 alio
803 3009 880 3063 louis
902 3019 930 3065 et
953 3010 1051 3064 Plutus
1072 3009 1149 3075 filio;
1177 3008 1213 3063 iii.
1237 3023 1281 3064 22.
1303 3023 1321 3075 4
1346 3009 1470 3077 Μάγνησι

317 3079 346 3148 (a
367 3077 477 3148 Sipylo)
501 3082 605 3148 Μητρός
625 3079 683 3134 έστι
708 3080 773 3133 θεῶν
794 3079 965 3150 ἀρχαιότατον
985 3081 1103 3134 ἁπάντων
1123 3079 1237 3150 ἄγαλμα·
1266 3080 1375 3146 ποιῆσαι
1396 3078 1425 3131 δέ
1447 3079 1472 3130 σί

318 3147 452 3219 Μάγνητες
467 3148 530 3202 αὐτὸ
546 3149 659 3217 Βροτέαν
674 3149 784 3219 λέγουσι
800 3153 845 3204 τὸν
856 3148 996 3205 Ταντάλου.
1032 3151 1078 3204 Ad
1092 3150 1214 3205 eandem
1227 3149 1339 3205 Tantali
1353 3149 1470 3219 stirpem

318 3221 438 3274 Broteas
451 3218 569 3273 refertur
582 3219 610 3272 in
623 3219 720 3274 Schol.
730 3222 796 3275 Eur.
808 3223 900 3276 Orest.
914 3233 937 3290 5,
952 3221 1094 3276 Mantissa
1108 3221 1241 3276 Prouerb.
1251 3220 1279 3275 ii.
1290 3235 1324 3290 94
1338 3219 1470 3287 Leutsch,

316 3291 408 3344 Tzetz.
422 3291 509 3357 Exeg.
526 3289 557 3342 ll.
571 3307 599 3360 p.
613 3290 647 3344 68
666 3291 823 3360 Hermann,
840 3292 891 3347 sed
909 3301 939 3346 ut
953 3291 1066 3346 Tantali
1086 3289 1167 3359 filius,
1185 3308 1243 3345 non
1262 3301 1344 3361 pater
1361 3289 1472 3345 dicatur

317 3361 461 3426 (Ταντάλου
479 3361 521 3413 καί
538 3358 725 3428 Εὐρυανάσσης
743 3362 842 3431 Πέλοψ
861 3362 973 3431 Βροτέας
991 3362 1097 3430 Νιόβη).
1136 3364 1198 3416 Iam
1211 3379 1276 3416 cum
1291 3361 1319 3416 in
1335 3363 1418 3416 Paus.
1432 3360 1469 3415 iii.

317 3445 351 3486 22
365 3440 393 3485 et
407 3432 496 3485 Tzetz.
511 3432 599 3500 Exeg.
615 3431 648 3486 Il.
660 3448 688 3501 p.
697 3432 732 3487 68
746 3434 872 3502 Βροντέας
883 3450 935 3503 pro
948 3450 975 3487 u.
984 3433 1003 3486 l.
1016 3432 1185 3499 inueniatur,
1198 3432 1371 3501 Gerbardus,
1384 3432 1471 3486 allato

318 3501 450 3556 Merkelii
469 3501 584 3555 Scholio
602 3518 630 3570 p.
642 3515 692 3568 471
713 3503 837 3558 Brothea
847 3505 934 3574 filius
951 3504 1030 3558 Iouis
1047 3510 1208 3559 excaecatus
1223 3509 1265 3557 est
1281 3521 1300 3557 a
1317 3504 1387 3558 Ioue
1401 3503 1472 3572 quia

316 3574 504 3642 nequr‘ssimus
515 3577 586 3641 erat,
597 3578 625 3627 et
636 3574 697 3628 tileo
704 3576 827 3645 proiecit
836 3592 865 3629 se
876 3576 907 3629 in
918 3579 1021 3645 pyram
1033 3575 1177 3629 ardentem
1190 3575 1253 3628 odio
1264 3573 1367 3628 liabens
1379 3575 1471 3628 uitam

317 3660 409 3712 suam,
431 3649 465 3697 ut
485 3645 529 3698 ait
548 3644 661 3698 Παπίας
681 3644 801 3700 coniecit'
823 3662 908 3714 posse
929 3646 966 3699 ad
991 3646 1046 3699 hoc
1070 3661 1175 3699 nornen
1197 3644 1323 3716 Βροντέου
1343 3643 1471 3699 reuocari

317 3713 443 3770 fabulam
462 3713 539 3768 illam
558 3731 614 3784 qua
632 3714 693 3785 ipse
712 3732 743 3770 se
762 3717 881 3770 Broteas
901 3715 958 3798 igni
978 3715 1166 3786 absumpserit
1185 3716 1287 3770 eodem
1309 3714 1396 3769 modo
1414 3731 1471 3784 quo

317 3784 442 3841 tonitrua
466 3784 495 3839 in
517 3801 580 3840 sese
602 3785 708 3840 reuolui
731 3803 764 3840 ac
788 3787 927 3841 resorberi
949 3786 1105 3841 uideantur.
1151 3787 1236 3856 Quod
1258 3784 1388 3856 quamuis
1410 3785 1472 3854 ipse

317 3856 454 3925 reiecerit,
473 3872 541 3910 uero
559 3855 678 3911 similius
699 3855 793 3911 iudico
814 3857 849 3911 iis
868 3874 941 3927 quae
962 3867 1027 3928 post
1044 3856 1206 3924 subnexuit,
1224 3874 1278 3912 nec
1300 3872 1471 3927 quemquam

316 3927 388 3996 fugit
401 3936 524 3997 quantae
536 3936 631 3996 partes
644 3926 673 3981 in
685 3927 860 3998 mythologia
872 3927 929 3982 sint
941 3927 1011 3982 caeli
1025 3944 1059 3982 ac
1071 3927 1214 3982 similium.

354 3999 451 4052 Vnum
463 4007 559 4052 tamen
575 3998 669 4051 locum
682 3998 846 4053 Gerbardus
859 3998 1048 4068 praetermisit
1060 3998 1108 4069 qui
1124 3998 1147 4053 si
1164 3998 1258 4053 minus
1270 3997 1309 4052 ad
1321 3997 1472 4068 expedien-

319 4069 386 4122 dam
398 4085 467 4138 rem,
481 4066 518 4122 ad
532 4067 709 4122 Scholiorum
725 4079 800 4124 certe
813 4069 1029 4139 explicationem
1045 4079 1089 4124 est
1105 4069 1232 4124 maximi}
1267 4070 1344 4123 Nam
1357 4070 1474 4124 Tzetzes

318 4139 357 4194 ad
380 4140 447 4208 Lyc.
469 4154 515 4192 111
529 4138 611 4198 ,haec
631 4139 718 4194 habet
739 4137 834 4208 Ἀθηνᾷ
855 4140 905 4194 τινί
926 4140 1055 4207 Βασιλίδι,
1076 4140 1109 4208 τῇ
1130 4140 1171 4192 καὶ
1193 4139 1316 4206 Βελονίκη
1336 4140 1473 4208 λεγομένη,

317 4210 426 4280 θυγατρί
445 4209 473 4263 δέ
492 4207 616 4279 Βροντέου
634 4208 961 4281 ὖπαρχούσῃ,’Ἥφαιστος
978 4209 1051 4293 γάμιρ
1068 4211 1152 4281 μιγεὶς
1168 4207 1427 4281 γεννᾷ“Ἐριχθόνιον,
1445 4209 1476 4264 δς

318 4280 494 4343 ἐβασίλευσεν
512 4281 556 4346 τῆς
574 4277 697 4347 Ἀττικῆς.
735 4282 824 4336 Recte
842 4280 928 4350 igitur
944 4282 981 4337 ab
1002 4283 1179 4350 Hieronymo
1198 4280 1227 4335 in
1246 4281 1352 4335 Euseb.
1367 4280 1470 4335 Chron.

317 4367 345 4422 p.
363 4364 394 4417 31
419 4350 532 4405 Schdne
557 4350 759 4406 Erichthonius
777 4351 897 4407 Vulcani
919 4361 947 4408 et
970 4351 1118 4408 Mineruae
1143 4351 1216 4406 filius
1236 4350 1355 4406 dicitur:
1387 4368 1472 4421 quem

319 4429 433 4476 secutus
447 4419 607 4475 Scholiasta
619 4421 682 4475 cod.
696 4423 765 4492 Reg.
779 4423 846 4477 2061
862 4423 941 4478 addit
955 4424 1109 4478 Brotheam
1122 4423 1167 4477 uel
1181 4423 1335 4477 Brotheum
1349 4422 1472 4476 eundem

318 4489 406 4547 luisse
430 4499 516 4560 atque
539 4491 615 4546 bunc
635 4491 860 4563 Erichthonium,
879 4494 999 4548 Vulcani
1021 4505 1049 4548 et
1073 4493 1222 4549 Mineruae
1246 4492 1343 4547 filium.
1387 4493 1472 4562 Quod

319 4571 350 4618 ut
369 4578 426 4616 non
445 4563 471 4616 T
472 4571 558 4616 zetzes
576 4562 731 4632 tradiderit,
750 4565 788 4620 ad
806 4566 881 4619 hunc
899 4575 996 4620 tamen
1014 4564 1106 4621 redire
1126 4564 1254 4619 scholion
1273 4563 1392 4618 uidetur.
1451 4597 1453 4602 -
