3312 5200
292 431 348 486 124
701 423 1049 487 COMMENTARIVS.

290 597 324 634 ac
348 579 415 634 uino
440 580 606 650 absumptus
631 589 674 635 est
698 581 782 650 (Plut.
806 583 889 634 Dem.
917 591 948 648 52
974 579 1032 647 fin.)
1183 580 1248 632 319.
1272 581 1454 632 Atarnites.

289 649 571 742 'Arapvrlrueqallim
587 651 661 721 Ep.
655 670 671 705 1.
689 667 751 706 tex
768 654 893 706 Atarneo
912 650 1030 719 Mysiae.
1069 650 1208 703 Herodi.
1226 649 1276 702 160
1293 655 1339 702 τοῦ
1351 647 1453 712 Arap-

291 724 347 776 νέος
365 721 457 776 τούτου
475 723 534 776 ε’στὶ
552 728 636 791 χῶρος
654 723 699 788 τῆς
717 724 819 788 Μυσίης
837 721 975 786 Λέσβου’
961 721 1052 775 uerior
1092 720 1184 774 Schol.
1199 730 1226 773 et
1245 720 1376 800 plerique
1389 719 1448 773 dici

290 793 408 846 credunt
435 793 598 874 Hermian*
625 792 741 848 Atarnei
767 802 795 848 et
819 792 884 846 Assi
910 803 1068 860 tyrannum,
1094 791 1242 860 aequalem
1267 800 1295 844 et
1320 790 1450 844 amicum

289 863 457 931 Aristotelis,
480 863 527 932 qui
553 864 629 932 apud
651 881 716 917 eum
742 863 770 917 in
792 865 918 917 Atarneo
943 871 1133 915 commoratus
1159 871 1202 915 est
1226 861 1343 931 eiusque
1367 861 1450 914 duxit

290 933 376 987 tiliam
395 934 456 988 siue
475 935 619 1012 ἀδελφιδῆν
639 933 786 1003 Pythiada.
826 934 921 1014 (Diog.
944 934 973 986 L.
993 951 1018 987 v.
1039 948 1063 1001 3,
1084 933 1177 986 Strab.
1196 932 1257 1000 610,
1278 931 1356 986 Suid.
1376 949 1399 986 s
1419 949 1448 986 u.

289 1002 473 1093 Ἀριστοτελης
487 1014 515 1058 et
528 1002 652 1089 Ερμίας.)
689 1007 735 1058 De
754 1014 844 1058 morte
863 1004 923 1058 eius
943 1003 1030 1060 Diod.
1044 1003 1099 1056 xvi.
1115 1016 1156 1072 52.
1170 1018 1185 1055 2
1198 1000 1448 1092 Ἐρτρατεύσατοδ’

289 1073 331 1127 ε’πὶ
342 1080 446 1142 πρῶτον
453 1074 559 1165 Eppiuu
568 1077 613 1129 τὸν
623 1073 764 1143 Αταρνέων
773 1074 895 1161 τύραννον
904 1074 1070 1143 ἀφεστηκότα
1081 1095 1128 1127 του
1116 1072 1271 1133 βασιλέως
1284 1094 1324 1162 ru¹1
1315 1074 1450 1125 πολλῶν

289 1144 462 1214 ὀχυρωμάτων
487 1146 527 1198 καὶ
550 1148 652 1200 πόλεων
676 1144 829 1213 κυριεύοντα.
874 1143 1109 1214 Ἐπαγγειλάρενος
1134 1143 1162 1196 δὲ
1186 1143 1255 1214 αύτῷ
1278 1143 1379 1231 πείσειν
1401 1145 1448 1197 τὸν

288 1216 402 1306 βασιλέα
416 1217 456 1268 καὶ
465 1221 515 1269 τῶν
525 1216 691 1286 ἐγκλημάτων
703 1217 843 1284 ἀπολῦσαι,
854 1215 1014 1286 συνηλθεν’
993 1237 1028 1296 εις
1040 1217 1136 1296 λόγους
1148 1215 1189 1266 καὶ
1201 1215 1447 1284 παρακρουσάμενοι

288 1287 366 1338 αὐτὸν
384 1287 521 1340 σννέλαδε.
560 1288 648 1340 Paulo
670 1287 751 1341 aliter
771 1287 873 1340 Strabo
891 1286 945 1339 610
963 1286 1010 1356 qui
1030 1285 1098 1339 dicrt
1117 1303 1134 1339 a
1155 1287 1309 1338 Memnone
1330 1285 1446 1338 Rhodio

289 1357 384 1425 specie
403 1357 544 1412 amicitiae
564 1357 712 1411 inuitatum
731 1357 771 1411 ibi
790 1367 950 1426 correptum
969 1357 1056 1410 luisse
1075 1366 1103 1410 et
1122 1356 1159 1410 ad
1177 1373 1274 1423 regern
1294 1357 1446 1408 Persarum

289 1428 407 1480 missum
432 1428 586 1497 suspendio
610 1428 726 1509 perisse
743 1428 824 1496 (κάκεῖ
852 1428 1004 1496 κρεμασθελς
1027 1427 1177 1492 ἀπώλετολι
1213 1425 1290 1479 cuius
1315 1425 1446 1480 meminit

288 1498 455 1553 Aristoteles
470 1499 596 1553 Οοοοιι.Ι
590 1499 617 1553 1i.
623 1514 682 1590 ¹¹29
678 1509 714 1587 et¹
720 1498 748 1553 in
762 1500 835 1568 epig.
849 1515 892 1568 ap.
909 1497 991 1586 Dipg.
1007 1500 1036 1551 L.
1052 1517 1075 1551 ν.
1091 1498 1107 1551 6
1125 1506 1235 1551 statuae
1248 1496 1308 1550 eius
1323 1497 1445 1565 Delphis

289 1567 429 1638 insculpto
442 1571 521 1622 Τόνδε
533 1567 590 1622 ποτ’
603 1592 650 1660 οηχ
669 1570 748 1624 ὁσίως
759 1571 879 1636 παραβὰς
890 1570 1009 1659 μακάρων
1022 1570 1095 1634 θέμιν
1106 1565 1205 1655 δγνηνῖ
1206 1576 1321 1620 Εκτεινεν
1334 1572 1445 1655 ,Περσῶν

288 1640 442 1728 τηξοφόρων
451 1639 585 1728 βαριλευς,
596 1641 633 1693 Oi
644 1643 761 1710 φανερῶς
774 1643 860 1710 λόγχη
869 1640 997 1708 φονίοις’
983 1661 1011 1692 εν
1022 1639 1106 1709 άγῶσι
1120 1659 1258 1707 κρατησας,
1266 1636 1341 1688 Ἀ’λλ
1352 1637 1446 1706 ἀνδρὸς

288 1711 376 1764 πίστει
400 1712 565 1778 χρησάμενοι
589 1710 688 1764 δολίου.
726 1711 858 1765 Eundem
882 1709 1020 1763 Hermian
1041 1711 1148 1790 hymno
1170 1710 1215 1762 uel
1240 1724 1349 1777 paeane
1371 1710 1444 1762 cele-

288 1781 381 1836 brauit
394 1779 579 1836 Aristoteles'
581 1783 664 1849 Αρετά
682 1781 877 1862 πολύμοχθε
846 1803 914 1851 γενει
926 1780 1065 1852 βροτείῳ,
1059 1797 1087 1833 ιιι
1101 1797 1156 1850 quo
1169 1778 1305 1849 Ἀταρνέος
1317 1779 1446 1849 ἔντροφος

289 1851 399 1916 dicitur,
418 1862 508 1932 atque
521 1852 606 1906 etiam
626 1851 763 1906 sacrificio
783 1852 874 1906 colere
893 1851 1016 1905 creditus
1035 1861 1078 1904 est
1096 1851 1200 1904 Athen.
1214 1850 1281 1918 697:
1301 1866 1386 1919 quam
1406 1850 1444 1903 ob

288 1938 349 1974 rem
372 1921 524 1990 impietatis
547 1922 724 1976 insimulatus
743 1933 786 1976 est
808 1940 826 1976 a
846 1921 1026 1991 Demophilo.
1064 1921 1137 1975 Vide
1157 1921 1257 2002 Bergk.
1279 1922 1358 1974 Poet.
1379 1921 1445 1988 Lyr.

289 2009 335 2061 pp
349 1992 410 2059 664,
423 1992 484 2060 676,
500 1994 626 2046 Hermen
640 1995 799 2063 a.1879,p
812 1993 873 2060 469.
912 1993 970 2046 Sed
989 2009 1054 2046 cum
1069 1992 1206 2046 Hermian
1225 1991 1350 2047 insutum
1366 1992 1444 2046 serae

288 2063 361 2131 pelle
384 2079 467 2116 nemo
487 2063 589 2132 tradat,
613 2065 698 2117 lanus
722 2064 887 2154 Parrhasius
908 2065 1003 2117 locum
1025 2063 1061 2116 de
1081 2064 1188 2130 Pactya
1210 2062 1290 2129 Lydo
1312 2061 1443 2130 intelligit

289 2149 373 2202 quem
389 2132 480 2186 Persis
493 2133 655 2202 ἐξέδοσαν“
631 2157 655 2186 οι
667 2135 751 2188 Χιοι
738 2156 780 2188 επι
792 2155 828 2204 τω
840 2133 959 2203 ’Λταρνέῖ
969 2134 1055 2203 μισθῷ
1069 2132 1197 2186 Herod.
1190 2151 1206 2186 1.
1224 2133 1280 2188 160.
1314 2133 1354 2186 Cf.
1371 2133 1443 2189 Plut.

289 2204 325 2256 de
346 2205 452 2257 Herod.
473 2204 590 2274 Malign.
603 2219 646 2260 20.
682 2207 728 2273 At,
743 2222 915 2290 quamquam
930 2204 1074 2260 Atarnites
1094 2221 1161 2272 ager
1178 2212 1241 2272 post
1260 2203 1315 2256 hoc
1333 2203 1444 2256 facinus

288 2274 364 2328 uelut
379 2275 497 2328 deuotus
510 2293 563 2329 nec
575 2277 668 2344 fruges
681 2293 734 2329 nec
749 2274 867 2344 πέμματα
886 2275 914 2328 in
934 2275 1072 2329 sacrificia
1089 2274 1252 2344 praebebat,
1265 2274 1312 2326 uix
1331 2283 1443 2342 poterat

288 2345 440 2400 Atarnites
457 2363 481 2398 rs
499 2347 553 2400 d1c1
573 2363 651 2400 culus
670 2345 746 2400 uitae
762 2349 902 2400 Atarneus
920 2346 1041 2416 pretium
1054 2345 1114 2398 fuit.
1151 2343 1267 2414 Atque
1261 2361 1321 2425 rpse
1339 2345 1443 2398 Strabo

289 2415 356 2470 dicit
375 2413 452 2470 616¹
455 2416 615 2486 Αταριεύς’
603 2438 660 2470 εστι
681 2419 711 2471 τὸ
732 2422 778 2471 τοῦ
797 2416 922 2484 Ἑρμίου
944 2419 1129 2497 τυραννεῖον,
1151 2425 1181 2468 ut
1203 2415 1283 2484 quasi
1309 2414 1368 2469 iure
1391 2432 1443 2468 suo

287 2486 432 2541 Atarnites
451 2487 497 2541 hic
516 2487 631 2542 dicatur.
686 2492 813 2542 inautus
831 2489 893 2542 Val.
914 2487 1014 2541 Max.
1008 2502 1080 2541 ixa.
1098 2502 1126 2540 ιι
1148 2487 1231 2540 Sicut
1251 2485 1301 2540 illi
1320 2486 1443 2553 barbari,

287 2575 357 2640 quos
366 2559 472 2628 fierunt
489 2564 678 2612 mactatarum
691 2559 832 2629 pecudum
850 2560 993 2612 i'utestmis
1004 2564 1032 2611 ct
1043 2558 1196 2611 uiscem'bus
1206 2558 1306 2627 egestis
1317 2556 1444 2610 tornines

287 2630 415 2697 inserere,
429 2631 471 2682 ita
489 2634 523 2682 ut
539 2631 678 2699 capitibus
689 2630 884 2683 tautummodo
896 2631 1054 2682 emineant.
1066 2669 1072 2682 .
1085 2669 1091 2682 .
1104 2629 1189 2681 donec
1199 2629 1279 2681 intus
1285 2628 1446 2697 putrefacti

287 2700 416 2752 laniatui
422 2702 482 2753 siut
490 2701 661 2753 animalibus
670 2718 742 2769 quae
750 2701 853 2753 tabidis
861 2702 893 2752 iu
888 2700 1064 2780 cerporibus
1072 2701 1152 2754 nasci
1161 2699 1255 2754 solent
1277 2697 1443 2766 (Micyllus.)

290 2771 470 2840 Quamquam
483 2781 593 2840 poterat
607 2771 635 2824 in
648 2770 785 2854 pellem
764 2788 804 2824 s1c
821 2770 894 2826 insui
908 2780 938 2824 ut
952 2770 1110 2839 Encolpion
1124 2779 1151 2822 et
1166 2769 1270 2822 Gitona
1284 2769 1443 2836 Eumolpus

288 2840 402 2894 uolebat
426 2843 457 2894 iu
481 2842 553 2895 duas
572 2842 661 2911 palles
682 2843 802 2895 conicere
826 2843 987 2911 muctesquc
1010 2842 1081 2894 loris
1104 2842 1182 2893 iuter
1200 2841 1365 2893 uestimenta
1386 2843 1444 2920 pro

288 2911 519 2964 sarciuisiiabere
532 2914 645 2966 Petron.
659 2913 686 2966 S.
704 2927 759 2966 102.
839 2915 910 2967 320.
929 2915 1091 2965 dominum
1109 2911 1238 2977 δεσπότην
1253 2927 1309 2980 quo
1327 2909 1445 2964 nomine

289 2973 504 3050 appellabantur
516 2998 597 3050 reges
611 2985 760 3036 Persarum
774 2981 943 3052 (διιΙιιιςαη)
1027 2985 1093 3036 321.
1111 2985 1212 3046 Inque
1224 2987 1280 3035 tuo
1293 2984 1442 3035 thalamo.

288 3053 457 3132 Alexander,
470 3063 605 3120 tyrannus
620 3053 793 3134 Pherarum
787 3071 815 3106 ιιι
829 3052 978 3108 Thessalia
992 3052 1029 3122 (13
1035 3065 1061 3108 c
1075 3053 1161 3121 3603
1166 3062 1205 3122 5„
1220 3052 1341 3118 Clinton,
1356 3053 1388 3106 F
1404 3053 1442 3106 Η.

290 3121 317 3174 11.
331 3139 353 3174 c.
369 3123 490 3189 15lcum
504 3123 617 3176 Thebes
637 3124 730 3178 uxoris
749 3125 849 3178 fratres
868 3123 1055 3193 Tisiphonum
1076 3124 1263 3192 Lycophrona
1281 3122 1443 3175 Timolaum

288 3209 391 3245 necare
405 3192 581 3260 destinasset,
597 3193 715 3286 θηβηἱ
689 3217 718 3248 το
733 3194 869 3285 ὶβούλευμα
887 3197 1015 3264 μαθοῦσα,
1028 3197 1083 3248 τοῖς
1100 3195 1146 3263 μὲν
1158 3193 1285 3281 ἀδελφοῖς
1301 3192 1444 3262 ἐγχειρίδια

289 3263 373 3315 δοῦσα
385 3264 625 3332 παρασκευάζεσθαι
636 3265 700 3332 πρὸς
712 3288 757 3355 τήν
767 3266 875 3336 σφαγὴν
887 3266 1035 3334 παρεκάλει.
1054 3262 1113 3337 οἴνῳ
1126 3264 1154 3317 δὲ
1168 3264 1261 3336 πολλῷ
1269 3263 1443 3353 Ἀλέξανδρρν

288 3334 443 3395 βαπτίσασα
461 3335 501 3386 καὶ
519 3336 699 3426 κρτευνάσασα
717 3336 839 3403 ἐκπέμπει
857 3335 917 3426 τοὺς
930 3358 977 3389 του
965 3318 1108 3405 θαλάμου
1121 3317 1254 3425 φύλρκας,
1259 3334 1421 3404 προφάσει
1408 3354 1444 3390 us

289 3406 409 3472 λουτροῖς
421 3403 580 3496 χρησομένη,
582 3407 622 3459 καὶ
638 3427 698 3460 τους
709 3406 891 3474 ἀδελφούς’
851 3429 893 3461 επι
909 3408 939 3461 τό
956 3407 1033 3476 ἔργον
1046 3407 1138 3459 ἐκάλει·
1159 3405 1225 3459 οἶδὲ
1237 3405 1388 3459 άπεδειλιων
1401 3405 1443 3456 καὶ

288 3474 447 3542 μάλιστα’
419 3479 500 3527 αυτῶν
513 3477 526 3527 ὁ
540 3478 668 3532 νεώτατος.
695 3475 751 3564 ride*
763 3478 833 3532 ἄλλα
845 3499 873 3531 τε
886 3476 1103 3565 διαπειλησαμένη
1117 3478 1157 3530 καὶ
1167 3477 1203 3567 ’ὣς
1214 3478 1260 3565 γδν
1271 3474 1444 3567 Ἀλέξανδρον

288 3545 377 3597 αὐτίκα
389 3544 503 3636 dreyspri
519 3547 559 3600 καὶ
575 3546 759 3636 καταγορεύσει
773 3549 856 3602 ιιυτῶν
867 3550 912 3601 τὸν
924 3549 1015 3617 φόνον,
1028 3546 1174 3617 θαρρεῐν’
1145 3547 1236 3602 αυτούς
1249 3547 1383 3608 εβιάσατο·
1402 3546 1443 3599 καὶ

289 3616 634 3685 κτείνουσικοιράιρενουτδν
643 3617 823 3687 Ἀλεξανδρον.
851 3620 957 3672 Conon.
971 3621 1083 3672 Narrat
1097 3631 1137 3686 50.
1185 3620 1254 3672 323.
1273 3621 1442 3671 Larisaeus

288 3689 414 3742 Aleuas.
453 3689 626 3746 Buttmanno
641 3688 791 3784 (Abhan¹dl.
807 3690 833 3743 d.
847 3689 951 3744 Berlin.
964 3690 1052 3743 Acad.
1070 3691 1183 3758 1823,p.
1198 3688 1261 3757 ²03)
1277 3687 1441 3742 credituris

289 3775 352 3810 esse
366 3775 450 3846 quern
463 3759 660 3813 Theocritus
644 3782 738 3812 ονακτιι
752 3759 862 3812 Ἀλεύαν
875 3760 942 3814 dicit
955 3759 1007 3813 xvi.
1023 3775 1064 3827 34,
1082 3759 1241 3814 Scholiasta
1253 3775 1321 3814 uero
1332 3756 1443 3811 Ἀλεύαν

287 3830 333 3882 τὸν
344 3831 431 3897 Σίμου.
459 3829 515 3882 Hic
528 3831 632 3884 Aleuas
646 3830 770 3912 aequalis
785 3830 1008 3885 S1momdaesu1t
1021 3841 1049 3884 et
1062 3831 1142 3884 abeo
1156 3830 1312 3884 celebratus
1326 3839 1385 3883 est:
1403 3830 1441 3883 ab

288 3899 472 3967 Euphorione
492 3910 586 3954 autem
605 3901 737 3982 peculiari
757 3901 851 3955 libello
871 3911 1116 3970 commemoratus,
1136 3910 1208 3954 teste
1227 3901 1312 3954 schol
1334 3901 1441 3955 Theoc.

289 3969 404 4023 Larisae
419 3970 501 4050 (Plat.
517 3973 594 4025 Men.
608 3984 650 4039 70,
663 3971 748 4026 Arist.
763 3973 897 4026 Pol.v.6.
913 3972 954 4039 13)
968 3972 1065 4025 sedem
1078 3941 1231 4040 pdsuerunt
1243 3970 1398 4038 Aleuadae,
1411 3979 1441 4024 ut

287 4040 388 4093 horum
397 4041 545 4110 propinqm
539 4041 991 4110 'ScopadaeCrannone,fortasse
1000 4043 1086 4096 etiarn
1095 4042 1230 4096 Pharsali.
1249 4041 1379 4111 (Buttm.)
1394 4043 1441 4096 Αιι

287 4112 343 4164 huc
356 4121 465 4180 spectat
480 4111 564 4165 Diod.
575 4130 618 4165 xv.
628 4113 671 4166 61.
680 4128 715 4165 2·
718 4114 748 4181 5?
765 4113 812 4166 ubi
826 4123 920 4166 narrat
930 4113 1073 4167 Aleuadas
1083 4113 1239 4180 Larisaeos,
1250 4112 1441 4166 Alexandrum

289 4182 447 4234 Pheraeum
463 4182 613 4249 tyrannide
629 4184 769 4252 depellere
786 4185 922 4251 uolentes,
936 4184 1127 4238 Alexandrum
1143 4183 1331 4237 Macedoniae
1344 4199 1442 4250 regem

288 4250 317 4303 in
341 4251 468 4305 Larisam
490 4252 696 4320 introduxisse,
724 4255 800 4324 quod
822 4271 886 4308 cum
908 4255 1048 4322 fecissent,
1070 4255 1146 4308 hunc
1167 4254 1266 4307 urbem
1285 4269 1441 4334 occupasse

287 4331 400 4390 praeter
423 4323 575 4392 acropolin.
629 4327 656 4378 A
681 4342 736 4394 quo
761 4325 785 4378 si
809 4326 1000 4380 Aleuadarum
1025 4295 1126 4395 aliquis
1152 4324 1314 4379 interfectus
1339 4333 1391 4391 est,
1416 4323 1441 4378 is

321 4461 336 4494 *
354 4459 467 4508 Photius
461 4477 483 4507 ιιι
497 4462 553 4510 Lex.
565 4463 677 4511 Hermian
693 4461 778 4510 τδν’
755 4481 872 4525 ευνουχον
888 4462 939 4512 τὸν
956 4463 1114 4528 τρίτρατον
1131 4475 1207 4525 uocat,
1222 4465 1288 4513 simili
1304 4468 1441 4526 contemptu

287 4541 334 4586 quo
346 4526 442 4572 Ouidius
453 4528 509 4572 dicit
520 4531 553 4576 ad
563 4529 705 4576 dominum
718 4533 799 4590 serare
809 4539 880 4579 tuum.
