3312 5200
692 459 737 519 IN
760 459 855 519 IBIN.
1312 465 1351 520 69

196 617 308 692 templo
324 613 485 676 Mineruae.
513 616 579 676 Cod.
592 615 750 690 Bern.711
797 615 957 676 daemones
985 614 1127 678 interfecti
1155 622 1239 676 sunt:
1275 631 1351 693 quos

195 705 258 756 teste
279 697 417 756 Merkelio
436 698 551 775 Proleg.
565 698 657 772 Apoll.
671 697 711 756 R.
724 707 753 773 p.
795 717 832 756 ne
854 698 989 758 Minerua
1010 700 1121 758 uideret
1141 698 1208 757 fecit
1232 715 1286 758 sua
1306 699 1351 757 lu·

195 779 312 838 XXII.
795 781 876 838 mina
890 781 1003 856 operiri.
1047 781 1086 838 P.

237 859 374 924 †Lemnii
402 875 420 918 a
448 860 691 919 Lacedaemoniis
722 861 753 918 in
836 862 970 925 †Lemnii
985 858 1044 957 [uel
1059 856 1212 941 tHemnii]
1228 879 1246 920 a
1260 858 1351 918 Lace·

199 941 753 1018 temploMineruaeperempti,propter
794 941 958 1002 daemoniis
989 963 1020 1001 1n
1056 942 1166 1018 templo
1196 941 1350 1000 Mineruae

196 1024 278 1100 quod
298 1022 354 1081 dea
375 1024 487 1080 uultum
505 1025 607 1082 auertit
626 1025 705 1082 unde
726 1032 755 1081 et
796 1024 960 1100 interempti
984 1035 1059 1096 sunt,
1077 1024 1159 1101 quod
1180 1041 1218 1082 ne
1239 1024 1351 1098 uideret

196 1105 293 1164 adhuc
308 1105 436 1182 pingitur
450 1103 524 1164 lacie
538 1123 631 1164 uersa.
676 1104 712 1164 G.
796 1107 853 1164 dea
874 1106 976 1165 oculos
998 1124 1068 1165 suos
1086 1105 1217 1176 retorsit;
1239 1124 1275 1163 ex
1290 1121 1350 1180 quo

795 1189 986 1247 nuncetiam
1010 1196 1055 1246 est
1079 1187 1109 1245 in
1137 1185 1247 1262 templo
1269 1187 1350 1244 uultu

795 1277 913 1339 retorto,
935 1277 967 1327 ut
988 1268 1015 1327 d.
1038 1267 1240 1328 Callimachus.
1288 1267 1353 1328 Cet

795 1349 865 1408 Ast.

239 1432 308 1506 381.
329 1429 374 1490 Vt
395 1430 452 1506 qui
474 1430 638 1492 Threicii.
681 1431 753 1490 Dio·
836 1430 995 1491 Diomedes
1018 1449 1069 1489 rex
1091 1429 1235 1489 Thraciae
1258 1447 1350 1507 equas

195 1512 298 1571 medes
319 1532 371 1572 rex
394 1513 537 1572 Thraciae
559 1514 639 1590 pauit
662 1531 752 1590 equas
794 1512 922 1572 habebat
943 1514 1048 1590 quibus
1069 1511 1198 1588 hospites
1220 1529 1290 1570 suos
1312 1510 1351 1570 ad

196 1612 265 1653 suas
282 1593 446 1670 hospitibus
463 1595 531 1654 suis.
549 1595 630 1672 quod
649 1613 752 1671 passus
794 1595 1010 1653 comedendum
1026 1594 1122 1664 dabat,
1134 1603 1165 1651 ut
1176 1593 1203 1651 d.
1214 1592 1349 1652 Ouidius.

196 1685 241 1735 est
255 1676 293 1734 ab
307 1675 443 1734 Hercule.
489 1675 526 1735 G.
796 1675 830 1736 C.

240 1761 308 1831 383.
324 1757 653 1817 Therodamanteos.
669 1755 752 1816 *Rex
835 1756 1131 1817 *Therodomanthus
1166 1774 1217 1814 rex
1246 1754 1350 1814 Mene·

197 1836 456 1898 Therodomantes
473 1838 573 1897 habuit
592 1839 693 1898 leones
710 1839 751 1898 le·
792 1837 869 1897 leam
894 1834 1070 1920 [quandam]
1100 1838 1235 1896 leonibus
1260 1831 1349 1919 [suis]

195 1921 328 1978 rissimos
371 1938 447 1996 quos
492 1921 620 1978 humana
665 1938 752 1978 carne
793 1921 907 1992 obiecit,
922 1939 1010 1997 quem
1031 1920 1089 1978 filia
1109 1920 1170 1978 eius
1187 1919 1350 1994 Messagete

196 2003 295 2078 pauit;
317 2002 423 2077 quibus
444 2003 531 2060 etiam
553 2003 623 2077 quia
644 2012 751 2060 metro·
793 2003 948 2073 occiderat,
970 2021 1038 2060 cum
1066 2003 1130 2077 ipse
1157 2000 1245 2059 uellet
1269 2000 1350 2058 adul-

196 2091 267 2140 nar'n
282 2085 440 2158 quamdam
455 2083 613 2141 Menaliam
631 2084 751 2142 nomine
793 2085 878 2142 terari
898 2101 1024 2155 cumea,
1045 2094 1077 2141 ut
1094 2092 1215 2141 testatur
1231 2081 1348 2140 Darius.

196 2164 290 2222 uoluit
325 2164 401 2236 dare,
436 2174 468 2222 ut
503 2183 571 2222 cum
606 2164 662 2222 filia
700 2183 753 2222 sua
794 2165 857 2223 Ast
870 2173 896 2222 et
909 2165 942 2223 C.

197 2244 332 2320 Megisea
344 2245 559 2318 adulteraretur,
571 2247 608 2304 ab
619 2264 654 2304 ea
665 2246 753 2304 inter·

195 2326 291 2385 lectus
306 2336 358 2385 est.
404 2327 440 2386 G.

239 2406 513 2467 *Therodomantus
533 2427 640 2485 genere
660 2408 740 2468 Libis
759 2410 938 2470 Melonteam
957 2408 1260 2486 quandam'leonibus
1281 2406 1349 2468 feris

196 2489 311 2560 obiecit,
327 2490 406 2566 quod
422 2491 519 2548 multis
533 2492 591 2548 iam
606 2491 731 2551 fecerat:
754 2492 840 2551 huius
855 2503 951 2551 autem
967 2491 1024 2550 tilia
1039 2510 1060 2550 s.
1077 2490 1219 2566 Mesogea
1233 2489 1348 2548 Thero-

197 2571 340 2629 domanta
353 2571 467 2630 occidit.
510 2571 549 2630 P.

241 2657 309 2726 384.
345 2651 480 2729 Quique
542 2653 754 2714 Thoanteae.
837 2655 939 2714 Thoas
961 2653 1069 2734 (Thras
1090 2648 1350 2727 ed.Parcs),filius

197 2733 310 2809 Tangit
330 2734 416 2791 ritum
435 2734 566 2794 sacrificii
586 2734 754 2810 Iphigeniae
795 2736 912 2808 Bacchi,
955 2753 1123 2814 quanquam
1174 2733 1350 2792 Lemniades

197 2816 277 2891 apud
293 2816 425 2874 Taurum
440 2817 595 2874 ciuitatem.
635 2817 671 2875 G.
794 2820 872 2878 uiros
905 2836 974 2876 suos
1010 2817 1217 2886 interfecerant,
1245 2833 1264 2873 a
1291 2815 1350 2873 filia

239 2897 357 2955 Tauros
378 2908 422 2956 est
440 2898 535 2956 insula
552 2899 602 2956 ubi
621 2909 682 2956 erat
702 2917 753 2957 rex
796 2900 960 2976 Hypsipyle
977 2901 1114 2958 liberatus
1138 2899 1168 2955 iu
1191 2897 1349 2955 Tauricam

198 2977 302 3036 Thoas
317 2979 367 3055 qui
388 2979 674 3040 hominesaduenas
689 2979 751 3059 (om.
794 2983 944 3056 regionem
967 2981 1048 3057 fugit,
1074 2981 1104 3038 in
1126 2998 1184 3057 qua
1208 2979 1351 3055 regnauit.
1409 3004 1412 3010 ·
1475 3001 1478 3008 ·

197 3059 283 3137 Ask.)
318 3060 433 3118 Dianae
469 3059 658 3119 sacrificabat.
716 3062 752 3120 de
795 3074 824 3121 et
857 3063 898 3122 ibi
933 3063 963 3120 in
998 3062 1108 3138 templo
1139 3061 1252 3119 Dianae
1286 3069 1349 3118 erat

196 3205 260 3242 cum
272 3189 441 3257 Sybaritanis
450 3196 479 3243 et
490 3189 716 3244 Crotoniensibus
726 3193 827 3260 pellere
841 3198 949 3245 ceteros
960 3193 1082 3245 Graecos
1094 3191 1171 3245 Italia
1184 3197 1348 3244 statuerunt.

198 3262 270 3313 Cum
295 3260 414 3328 primum
437 3261 535 3314 urbem
558 3263 637 3314 Sirim
662 3263 805 3330 cepissent,
828 3265 856 3315 in
880 3265 1083 3330 expugnatione
1108 3263 1166 3316 eius
1189 3275 1208 3314 1.
1233 3263 1349 3321 iuuenes

197 3331 338 3398 amplexos
352 3331 496 3384 Mineruae
514 3333 689 3386 simulacrum
708 3335 935 3402 sacerdotemque
955 3335 1022 3387 deae
1041 3335 1161 3387 uelatum
1180 3333 1349 3385 ornamentis

196 3402 270 3454 inter
282 3402 338 3469 ipsa
350 3403 445 3455 altaria
457 3403 674 3458 trucidauerunt.
705 3405 850 3458 Historiam
863 3406 1009 3458 tradiderat
1019 3405 1194 3459 Callimachus
1207 3405 1229 3455 si
1231 3403 1299 3470 fides
1311 3415 1349 3457 est

198 3473 254 3526 Cet
268 3474 333 3526 Ask.
352 3493 409 3526 cum
427 3476 464 3528 ed.
483 3476 572 3527 Paris.
588 3490 664 3540 1573,
684 3494 747 3543 quae
764 3495 821 3529 cum
835 3479 859 3527 P
874 3487 898 3528 et
911 3477 992 3529 Schol.
1006 3478 1141 3545 Saluagnii
1159 3477 1286 3541 consentit,
1299 3477 1350 3528 nisi

196 3545 262 3612 quod
271 3545 333 3596 haec
345 3545 420 3597 habet
433 3544 538 3608 Lemni,
551 3564 599 3597 non
611 3546 690 3596 multi
707 3546 768 3613 uiri,
781 3547 845 3615 quod
855 3558 892 3599 est
907 3547 933 3598 in
946 3548 998 3600 cod.
1011 3547 1091 3612 Sala,
1105 3547 1223 3613 additque
1234 3551 1349 3599 auctore

198 3613 367 3667 Callimacho
380 3617 472 3683 quoda
485 3619 508 3668 Ρ
519 3616 596 3669 abest.

236 3689 296 3750 381.
315 3687 401 3737 tracie
416 3686 462 3738 GC
532 3686 646 3739 Ouidius
658 3687 721 3740 Her.
735 3689 786 3740 IX.
801 3690 844 3755 67,
859 3693 883 3741 8.

236 3760 295 3820 383.
315 3756 432 3808 Historia
443 3768 566 3826 suspecta.
585 3757 843 3812 TerodomantesG
880 3757 1211 3811 TheurodomantheusC
1239 3755 1349 3808 Menal-

197 3825 307 3880 diamG
347 3823 413 3895 suis]
428 3845 476 3881 om.
491 3828 555 3880 Ask.
601 3829 738 3896 quendam
752 3831 816 3882 Ask.
861 3830 980 3898 quamG
1020 3828 1198 3894 messagetiG
1237 3827 1350 3880 miserta

200 3898 265 3950 Ask.
302 3897 347 3949 uel
360 3898 455 3950 eratC
488 3898 605 3951 condam
618 3903 642 3951 P
678 3901 779 3952 Similia
792 3902 868 3953 Mure
905 3899 1095 3952 Therodamus
1107 3898 1151 3950 uel
1164 3896 1350 3950 therodomon

198 3984 248 4020 rex
259 3967 322 4020 libie
329 3983 435 4020 summe
446 3967 563 4021 crudelis
571 3970 663 4022 leones
672 3985 734 4022 suos
744 3971 893 4036 uirginibus
902 3975 931 4022 et
940 3970 1063 4023 humanis
1071 3969 1196 4036 carnibus
1203 3971 1288 4036 pauit.
1301 3969 1349 4036 qui

198 4039 287 4092 eciam
301 4038 340 4090 eis
352 4038 487 4104 uirginem
499 4039 710 4106 pulcherrimam
723 4042 835 4093 nomine
847 4041 992 4092 melamam
1005 4041 1116 4093 obiecit.
1149 4039 1194 4091 hic
1206 4055 1222 4091 a
1235 4039 1288 4092 lilia
1300 4055 1348 4091 sua

198 4124 323 4174 megasea
335 4124 418 4176 quam
429 4114 555 4176 stuprare
568 4110 655 4162 uoluit
668 4116 709 4162 est
722 4111 837 4164 occisus.
864 4113 990 4180 Corrupta
1000 4113 1102 4163 nomina
1115 4109 1186 4163 credo
1197 4130 1229 4163 ex
1238 4113 1349 4164 nationi-

197 4181 244 4233 bus
258 4181 410 4247 Africanis:
427 4181 558 4248 Magassa
570 4181 631 4234 urbs
643 4183 788 4250 Aethiopiae
796 4183 953 4250 adsignatur
964 4201 981 4234 a
994 4183 1078 4234 Plinio
1092 4183 1134 4234 VI.
1148 4186 1212 4234 180:
1232 4182 1349 4234 Melania

198 4253 251 4303 siue
263 4250 391 4303 Melantea
403 4269 435 4302 ex
447 4253 549 4319 antiquo
561 4254 659 4304 nomine
670 4253 729 4304 Nili
739 4255 824 4320 potuit
834 4257 969 4322 profluere,
982 4254 1022 4304 hic
1034 4254 1099 4305 enim
1112 4262 1136 4304 et
1148 4253 1233 4304 Melas
1246 4263 1270 4305 et
1282 4251 1349 4304 Melo

198 4323 339 4394 antiquitus
358 4321 538 4390 appellabatur
558 4322 640 4390 (Plut.
652 4323 682 4374 de
695 4324 769 4376 Fluu.
785 4325 825 4389 16,
839 4322 937 4376 Paulus
950 4325 1018 4376 Festi
1034 4335 1059 4389 p.
1075 4339 1124 4387 1²4
1137 4323 1189 4392 M.)
1227 4324 1300 4392 Quae
1317 4342 1349 4375 ex

199 4396 223 4445 P
234 4393 291 4445 dedi
301 4393 388 4444 eadem
399 4401 490 4444 extant
502 4395 528 4446 ia
540 4394 577 4446 ed.
590 4395 679 4446 Paris.
695 4408 771 4458 1573.

238 4467 298 4528 384.
317 4462 465 4528 erifegenie
489 4464 512 4516 G
601 4463 729 4516 Thauros
751 4464 775 4517 G
796 4464 858 4516 Ask.
952 4464 980 4515 in
1000 4463 1101 4516 Ouidio
1120 4464 1155 4516 de
1176 4469 1262 4533 ponto
1281 4465 1349 4518 Ask.

200 4535 275 4586 Pont.
290 4535 340 4587 III.
355 4549 379 4586 a.
393 4549 426 4598 45
534 4533 722 4600 effigeniamC
833 4533 1004 4602 ephigeniam
1020 4536 1084 4588 Ask.
1186 4533 1349 4604 nTregir'mem]

198 4604 370 4672 prouinciam
382 4605 429 4658 ubi
442 4611 585 4673 praeterea
597 4605 722 4672 regnauit
734 4607 771 4660 ed.
784 4607 873 4660 Paris.
887 4622 951 4671 1573
1023 4613 1053 4660 et
1063 4607 1135 4661 alter
1141 4608 1184 4662 ad.
1193 4608 1284 4660 Pam.
