<?xml version="1.0" encoding="UTF-8"?>
<!DOCTYPE html PUBLIC "-//W3C//DTD XHTML 1.0 Transitional//EN"
    "http://www.w3.org/TR/xhtml1/DTD/xhtml1-transitional.dtd">
<html xmlns="http://www.w3.org/1999/xhtml" xml:lang="en" lang="en">
 <head>
  <title>
</title>
<meta http-equiv="Content-Type" content="text/html;charset=utf-8" />
  <meta name='ocr-system' content='tesseract 3.04.00' />
  <meta name='ocr-capabilities' content='ocr_page ocr_carea ocr_par ocr_line ocrx_word'/>
</head>
<body>
  <div class='ocr_page' id='page_1' title='image "./povidiinasonisi01elligoog_0033.png"; bbox 0 0 3294 5214; ppageno 0'>
   <div class='ocr_carea' id='block_1_1' title="bbox 287 425 1028 526">
    <p class='ocr_par' dir='ltr' id='par_1_1' title="bbox 287 425 1028 526">
     <span class='ocr_line' id='line_1_1' title="bbox 287 425 1028 526; baseline -0.007 0"><span class='ocrx_word' id='word_1_1' title='bbox 287 466 375 526; x_wconf 71' lang='lat' dir='ltr'>xxm</span> <span class='ocrx_word' id='word_1_2' title='bbox 701 425 1028 526; x_wconf 77' lang='lat' dir='ltr'>raomoontann.</span> 
     </span>
    </p>
   </div>
   <div class='ocr_carea' id='block_1_2' title="bbox 221 618 1493 4117">
    <p class='ocr_par' dir='ltr' id='par_1_2' title="bbox 221 618 1493 4117">
     <span class='ocr_line' id='line_1_2' title="bbox 288 618 1439 698; baseline -0.002 -18"><span class='ocrx_word' id='word_1_3' title='bbox 288 626 439 695; x_wconf 75' lang='grc' dir='ltr'><strong><em>Σωσίκλεια,</em></strong></span> <span class='ocrx_word' id='word_1_4' title='bbox 460 621 497 682; x_wconf 85' lang='lat' dir='ltr'>cl.</span> <span class='ocrx_word' id='word_1_5' title='bbox 519 622 660 698; x_wconf 90' lang='lat' dir='ltr'>quodibi</span> <span class='ocrx_word' id='word_1_6' title='bbox 681 620 833 681; x_wconf 86' lang='lat' dir='ltr'>Kaibelius</span> <span class='ocrx_word' id='word_1_7' title='bbox 855 620 948 680; x_wconf 90' lang='lat' dir='ltr'>attulit</span> <span class='ocrx_word' id='word_1_8' title='bbox 968 638 1005 678; x_wconf 83' lang='lat' dir='ltr'>ex</span> <span class='ocrx_word' id='word_1_9' title='bbox 1027 618 1174 679; x_wconf 85' lang='lat' dir='ltr'>Henzeno</span> <span class='ocrx_word' id='word_1_10' title='bbox 1197 620 1250 681; x_wconf 90' lang='lat' dir='ltr'>Cn.</span> <span class='ocrx_word' id='word_1_11' title='bbox 1268 619 1439 682; x_wconf 78' lang='lat' dir='ltr'><em>Numidiam</em></span> 
     </span>
     <span class='ocr_line' id='line_1_3' title="bbox 287 703 1444 781; baseline -0.003 -17"><span class='ocrx_word' id='word_1_12' title='bbox 287 704 485 781; x_wconf 81' lang='lat' dir='ltr'>Astragolum,</span> <span class='ocrx_word' id='word_1_13' title='bbox 507 704 587 762; x_wconf 73' lang='lat' dir='ltr'>allius</span> <span class='ocrx_word' id='word_1_14' title='bbox 610 706 697 762; x_wconf 85' lang='lat' dir='ltr'>uz&#39;lam</span> <span class='ocrx_word' id='word_1_15' title='bbox 722 703 904 761; x_wconf 68' lang='lat' dir='ltr'>ualetudruem</span> <span class='ocrx_word' id='word_1_16' title='bbox 928 704 1068 777; x_wconf 76' lang='lat' dir='ltr'>quae&#39;stum</span> <span class='ocrx_word' id='word_1_17' title='bbox 1090 703 1230 777; x_wconf 67' lang='lat' dir='ltr'>ipsumque</span> <span class='ocrx_word' id='word_1_18' title='bbox 1253 706 1299 761; x_wconf 84' lang='lat' dir='ltr'>uli</span> <span class='ocrx_word' id='word_1_19' title='bbox 1323 703 1444 761; x_wconf 81' lang='lat' dir='ltr'>labescat</span> 
     </span>
     <span class='ocr_line' id='line_1_4' title="bbox 288 782 1439 860; baseline -0.003 -15"><span class='ocrx_word' id='word_1_20' title='bbox 288 786 406 857; x_wconf 79' lang='lat' dir='ltr'><em>morbus,</em></span> <span class='ocrx_word' id='word_1_21' title='bbox 420 787 471 844; x_wconf 84' lang='lat' dir='ltr'>hoc</span> <span class='ocrx_word' id='word_1_22' title='bbox 486 784 520 846; x_wconf 90' lang='lat' dir='ltr'>C.</span> <span class='ocrx_word' id='word_1_23' title='bbox 535 783 654 844; x_wconf 71' lang='lat' dir='ltr'>Sextius</span> <span class='ocrx_word' id='word_1_24' title='bbox 672 783 837 843; x_wconf 81' lang='lat' dir='ltr'>Tabsimadu</span> <span class='ocrx_word' id='word_1_25' title='bbox 855 802 931 859; x_wconf 86' lang='lat' dir='ltr'>rogo.</span> <span class='ocrx_word' id='word_1_26' title='bbox 974 782 1079 860; x_wconf 89' lang='lat' dir='ltr'>Neque</span> <span class='ocrx_word' id='word_1_27' title='bbox 1097 783 1177 841; x_wconf 90' lang='lat' dir='ltr'>aliter</span> <span class='ocrx_word' id='word_1_28' title='bbox 1195 785 1226 842; x_wconf 92' lang='lat' dir='ltr'>in</span> <span class='ocrx_word' id='word_1_29' title='bbox 1240 784 1317 844; x_wconf 90' lang='lat' dir='ltr'>Diris</span> <span class='ocrx_word' id='word_1_30' title='bbox 1331 783 1439 843; x_wconf 89' lang='lat' dir='ltr'>Valerii</span> 
     </span>
     <span class='ocr_line' id='line_1_5' title="bbox 289 863 1438 943; baseline -0.001 -17"><span class='ocrx_word' id='word_1_31' title='bbox 289 865 410 926; x_wconf 89' lang='lat' dir='ltr'>Catonis</span> <span class='ocrx_word' id='word_1_32' title='bbox 425 867 485 926; x_wconf 86' lang='lat' dir='ltr'>siue</span> <span class='ocrx_word' id='word_1_33' title='bbox 502 867 674 943; x_wconf 89' lang='lat' dir='ltr'>cuicumque</span> <span class='ocrx_word' id='word_1_34' title='bbox 694 865 740 926; x_wconf 91' lang='lat' dir='ltr'>alii</span> <span class='ocrx_word' id='word_1_35' title='bbox 759 865 956 940; x_wconf 81' lang='lat' dir='ltr'>adsignantur,</span> <span class='ocrx_word' id='word_1_36' title='bbox 971 863 1097 941; x_wconf 84' lang='lat' dir='ltr'>Lycurgi</span> <span class='ocrx_word' id='word_1_37' title='bbox 1116 883 1227 923; x_wconf 90' lang='lat' dir='ltr'>nomen</span> <span class='ocrx_word' id='word_1_38' title='bbox 1241 865 1371 925; x_wconf 90' lang='lat' dir='ltr'>additum</span> <span class='ocrx_word' id='word_1_39' title='bbox 1385 875 1438 925; x_wconf 88' lang='lat' dir='ltr'>est.</span> 
     </span>
     <span class='ocr_line' id='line_1_6' title="bbox 289 946 1440 1025; baseline 0 -19"><span class='ocrx_word' id='word_1_40' title='bbox 289 947 395 1025; x_wconf 85' lang='lat' dir='ltr'>Neque</span> <span class='ocrx_word' id='word_1_41' title='bbox 416 947 584 1007; x_wconf 90' lang='lat' dir='ltr'>incredibile</span> <span class='ocrx_word' id='word_1_42' title='bbox 605 957 650 1007; x_wconf 91' lang='lat' dir='ltr'>est</span> <span class='ocrx_word' id='word_1_43' title='bbox 670 965 781 1006; x_wconf 86' lang='lat' dir='ltr'>nornen</span> <span class='ocrx_word' id='word_1_44' title='bbox 796 946 895 1017; x_wconf 85' lang='lat' dir='ltr'>Ibidis,</span> <span class='ocrx_word' id='word_1_45' title='bbox 911 946 1045 1022; x_wconf 87' lang='lat' dir='ltr'>quamuis</span> <span class='ocrx_word' id='word_1_46' title='bbox 1065 964 1144 1005; x_wconf 92' lang='lat' dir='ltr'>nunc</span> <span class='ocrx_word' id='word_1_47' title='bbox 1165 947 1259 1019; x_wconf 88' lang='lat' dir='ltr'>lateat,</span> <span class='ocrx_word' id='word_1_48' title='bbox 1274 949 1374 1021; x_wconf 72' lang='lat' dir='ltr'>positu</span> <span class='ocrx_word' id='word_1_49' title='bbox 1382 956 1440 1022; x_wconf 84' lang='lat' dir='ltr'>pro</span> 
     </span>
     <span class='ocr_line' id='line_1_7' title="bbox 289 1027 1439 1107; baseline -0.001 -19"><span class='ocrx_word' id='word_1_50' title='bbox 289 1033 397 1088; x_wconf 82' lang='lat' dir='ltr'>nemim</span> <span class='ocrx_word' id='word_1_51' title='bbox 417 1031 507 1105; x_wconf 73' lang='lat' dir='ltr'>segnis</span> <span class='ocrx_word' id='word_1_52' title='bbox 532 1029 628 1105; x_wconf 89' lang='lat' dir='ltr'>aliqua</span> <span class='ocrx_word' id='word_1_53' title='bbox 652 1027 848 1104; x_wconf 88' lang='lat' dir='ltr'>significatum</span> <span class='ocrx_word' id='word_1_54' title='bbox 871 1027 960 1086; x_wconf 83' lang='lat' dir='ltr'>luisse</span> <span class='ocrx_word' id='word_1_55' title='bbox 981 1027 1082 1106; x_wconf 80' lang='lat' dir='ltr'>(Trist.</span> <span class='ocrx_word' id='word_1_56' title='bbox 1103 1029 1122 1086; x_wconf 92' lang='lat' dir='ltr'>i.</span> <span class='ocrx_word' id='word_1_57' title='bbox 1144 1045 1170 1104; x_wconf 78' lang='lat'>5.</span> <span class='ocrx_word' id='word_1_58' title='bbox 1197 1027 1237 1107; x_wconf 83' lang='lat'>7).</span> <span class='ocrx_word' id='word_1_59' title='bbox 1280 1027 1320 1086; x_wconf 92' lang='lat' dir='ltr'>Et</span> <span class='ocrx_word' id='word_1_60' title='bbox 1339 1038 1439 1088; x_wconf 88' lang='lat' dir='ltr'>tamen</span> 
     </span>
     <span class='ocr_line' id='line_1_8' title="bbox 289 1108 1438 1186; baseline -0.002 -17"><span class='ocrx_word' id='word_1_61' title='bbox 289 1121 334 1170; x_wconf 88' lang='lat' dir='ltr'>est</span> <span class='ocrx_word' id='word_1_62' title='bbox 347 1111 398 1170; x_wconf 91' lang='lat' dir='ltr'>ubi</span> <span class='ocrx_word' id='word_1_63' title='bbox 409 1109 532 1170; x_wconf 90' lang='lat' dir='ltr'>Ouidius</span> <span class='ocrx_word' id='word_1_64' title='bbox 547 1110 584 1168; x_wconf 92' lang='lat' dir='ltr'>de</span> <span class='ocrx_word' id='word_1_65' title='bbox 598 1110 717 1169; x_wconf 92' lang='lat' dir='ltr'>inimico</span> <span class='ocrx_word' id='word_1_66' title='bbox 728 1127 783 1168; x_wconf 94' lang='lat' dir='ltr'>suo</span> <span class='ocrx_word' id='word_1_67' title='bbox 794 1120 944 1186; x_wconf 83' lang='lat' dir='ltr'><strong>tamquam</strong></span> <span class='ocrx_word' id='word_1_68' title='bbox 956 1108 1101 1167; x_wconf 81' lang='lat' dir='ltr'>haesitans</span> <span class='ocrx_word' id='word_1_69' title='bbox 1115 1116 1144 1167; x_wconf 88' lang='lat' dir='ltr'>et</span> <span class='ocrx_word' id='word_1_70' title='bbox 1158 1109 1286 1168; x_wconf 85' lang='lat' dir='ltr'>incertus</span> <span class='ocrx_word' id='word_1_71' title='bbox 1295 1110 1438 1186; x_wconf 90' lang='lat' dir='ltr'>loquatur,</span> 
     </span>
     <span class='ocr_line' id='line_1_9' title="bbox 289 1190 1438 1268; baseline -0.002 -18"><span class='ocrx_word' id='word_1_72' title='bbox 289 1210 314 1250; x_wconf 88' lang='lat' dir='ltr'>e.</span> <span class='ocrx_word' id='word_1_73' title='bbox 324 1211 353 1268; x_wconf 88' lang='lat' dir='ltr'>g.</span> <span class='ocrx_word' id='word_1_74' title='bbox 369 1212 386 1266; x_wconf 91' lang='lat'><strong>9</strong></span> <span class='ocrx_word' id='word_1_75' title='bbox 402 1191 568 1268; x_wconf 84' lang='lat' dir='ltr'>Quisquis</span> <span class='ocrx_word' id='word_1_76' title='bbox 583 1193 608 1249; x_wconf 82' lang='lat' dir='ltr'>is</span> <span class='ocrx_word' id='word_1_77' title='bbox 621 1198 667 1258; x_wconf 84' lang='lat' dir='ltr'>est,</span> <span class='ocrx_word' id='word_1_78' title='bbox 682 1210 747 1250; x_wconf 86' lang='lat' dir='ltr'>nam</span> <span class='ocrx_word' id='word_1_79' title='bbox 761 1210 856 1249; x_wconf 71' lang='lat' dir='ltr'>nonan</span> <span class='ocrx_word' id='word_1_80' title='bbox 869 1190 960 1248; x_wconf 80' lang='lat' dir='ltr'>adhuc</span> <span class='ocrx_word' id='word_1_81' title='bbox 973 1197 1114 1267; x_wconf 76' lang='lat' dir='ltr'>utumque</span> <span class='ocrx_word' id='word_1_82' title='bbox 1127 1190 1223 1262; x_wconf 80' lang='lat' dir='ltr'>tacebo,</span> <span class='ocrx_word' id='word_1_83' title='bbox 1238 1191 1326 1250; x_wconf 89' lang='lat' dir='ltr'>Trist.</span> <span class='ocrx_word' id='word_1_84' title='bbox 1342 1192 1438 1249; x_wconf 91' lang='lat' dir='ltr'>iii.11.</span> 
     </span>
     <span class='ocr_line' id='line_1_10' title="bbox 291 1271 1439 1348; baseline -0.001 -17"><span class='ocrx_word' id='word_1_85' title='bbox 291 1277 329 1348; x_wconf 88' lang='lat'>56</span> <span class='ocrx_word' id='word_1_86' title='bbox 344 1274 397 1332; x_wconf 86' lang='lat' dir='ltr'>Ad</span> <span class='ocrx_word' id='word_1_87' title='bbox 412 1281 444 1344; x_wconf 85' lang='lat' dir='ltr'>le,</span> <span class='ocrx_word' id='word_1_88' title='bbox 466 1275 591 1348; x_wconf 82' lang='lat' dir='ltr'>quz&#39;squis</span> <span class='ocrx_word' id='word_1_89' title='bbox 612 1275 637 1330; x_wconf 81' lang='lat' dir='ltr'>is</span> <span class='ocrx_word' id='word_1_90' title='bbox 656 1292 692 1343; x_wconf 85' lang='lat' dir='ltr'>es,</span> <span class='ocrx_word' id='word_1_91' title='bbox 706 1279 803 1330; x_wconf 82' lang='lat' dir='ltr'>nostro</span> <span class='ocrx_word' id='word_1_92' title='bbox 823 1271 946 1347; x_wconf 82' lang='lat' dir='ltr'>querella</span> <span class='ocrx_word' id='word_1_93' title='bbox 966 1272 1046 1331; x_wconf 80' lang='lat' dir='ltr'>redit.</span> <span class='ocrx_word' id='word_1_94' title='bbox 1088 1271 1124 1330; x_wconf 92' lang='lat' dir='ltr'>Id</span> <span class='ocrx_word' id='word_1_95' title='bbox 1144 1290 1202 1348; x_wconf 86' lang='lat' dir='ltr'>ego</span> <span class='ocrx_word' id='word_1_96' title='bbox 1224 1272 1330 1348; x_wconf 89' lang='lat' dir='ltr'>duplici</span> <span class='ocrx_word' id='word_1_97' title='bbox 1351 1290 1439 1334; x_wconf 85' lang='lat' dir='ltr'>causa</span> 
     </span>
     <span class='ocr_line' id='line_1_11' title="bbox 289 1352 1438 1429; baseline -0.002 -16"><span class='ocrx_word' id='word_1_98' title='bbox 289 1354 400 1413; x_wconf 86' lang='lat' dir='ltr'>factum</span> <span class='ocrx_word' id='word_1_99' title='bbox 416 1355 547 1414; x_wconf 92' lang='lat' dir='ltr'>arbitror.</span> <span class='ocrx_word' id='word_1_100' title='bbox 588 1354 648 1412; x_wconf 93' lang='lat' dir='ltr'>Aut</span> <span class='ocrx_word' id='word_1_101' title='bbox 665 1355 744 1413; x_wconf 89' lang='lat' dir='ltr'>enim</span> <span class='ocrx_word' id='word_1_102' title='bbox 761 1372 853 1412; x_wconf 90' lang='lat' dir='ltr'>unum</span> <span class='ocrx_word' id='word_1_103' title='bbox 872 1354 935 1429; x_wconf 89' lang='lat' dir='ltr'>ipse</span> <span class='ocrx_word' id='word_1_104' title='bbox 955 1352 1102 1424; x_wconf 89' lang='lat' dir='ltr'>intellexit,</span> <span class='ocrx_word' id='word_1_105' title='bbox 1117 1352 1178 1412; x_wconf 90' lang='lat' dir='ltr'>aliis</span> <span class='ocrx_word' id='word_1_106' title='bbox 1193 1354 1266 1413; x_wconf 91' lang='lat' dir='ltr'>alios</span> <span class='ocrx_word' id='word_1_107' title='bbox 1285 1354 1377 1412; x_wconf 90' lang='lat' dir='ltr'>uoluit</span> <span class='ocrx_word' id='word_1_108' title='bbox 1395 1354 1438 1412; x_wconf 93' lang='lat' dir='ltr'>in-</span> 
     </span>
     <span class='ocr_line' id='line_1_12' title="bbox 289 1436 1438 1512; baseline -0.001 -18"><span class='ocrx_word' id='word_1_109' title='bbox 289 1436 386 1512; x_wconf 90' lang='lat' dir='ltr'>telligi,</span> <span class='ocrx_word' id='word_1_110' title='bbox 407 1453 467 1512; x_wconf 90' lang='lat' dir='ltr'>quo</span> <span class='ocrx_word' id='word_1_111' title='bbox 492 1437 579 1494; x_wconf 89' lang='lat' dir='ltr'>tutior</span> <span class='ocrx_word' id='word_1_112' title='bbox 600 1446 676 1494; x_wconf 88' lang='lat' dir='ltr'>esset</span> <span class='ocrx_word' id='word_1_113' title='bbox 699 1453 796 1512; x_wconf 90' lang='lat' dir='ltr'>neque</span> <span class='ocrx_word' id='word_1_114' title='bbox 820 1436 900 1494; x_wconf 91' lang='lat' dir='ltr'>omni</span> <span class='ocrx_word' id='word_1_115' title='bbox 927 1452 979 1512; x_wconf 86' lang='lat' dir='ltr'>spe</span> <span class='ocrx_word' id='word_1_116' title='bbox 1002 1452 1151 1511; x_wconf 82' lang='lat' dir='ltr'>regressus</span> <span class='ocrx_word' id='word_1_117' title='bbox 1174 1436 1353 1511; x_wconf 87' lang='lat' dir='ltr'>priuaretur;</span> <span class='ocrx_word' id='word_1_118' title='bbox 1389 1443 1438 1494; x_wconf 88' lang='lat' dir='ltr'>aut</span> 
     </span>
     <span class='ocr_line' id='line_1_13' title="bbox 289 1515 1457 1597; baseline -0.001 -22"><span class='ocrx_word' id='word_1_119' title='bbox 289 1536 390 1576; x_wconf 87' lang='lat' dir='ltr'>reuera</span> <span class='ocrx_word' id='word_1_120' title='bbox 413 1518 450 1577; x_wconf 91' lang='lat' dir='ltr'>de</span> <span class='ocrx_word' id='word_1_121' title='bbox 472 1517 592 1577; x_wconf 90' lang='lat' dir='ltr'>homine</span> <span class='ocrx_word' id='word_1_122' title='bbox 617 1517 764 1587; x_wconf 88' lang='lat' dir='ltr'>dubitauit,</span> <span class='ocrx_word' id='word_1_123' title='bbox 785 1517 839 1575; x_wconf 90' lang='lat' dir='ltr'>etsi</span> <span class='ocrx_word' id='word_1_124' title='bbox 861 1515 1032 1593; x_wconf 90' lang='lat' dir='ltr'>plerumque</span> <span class='ocrx_word' id='word_1_125' title='bbox 1056 1526 1168 1575; x_wconf 90' lang='lat' dir='ltr'>certum</span> <span class='ocrx_word' id='word_1_126' title='bbox 1191 1516 1319 1594; x_wconf 80' lang='lat' dir='ltr'>aliquem</span> <span class='ocrx_word' id='word_1_127' title='bbox 1339 1517 1457 1597; x_wconf 22' lang='lat' dir='ltr'>animo!</span> 
     </span>
     <span class='ocr_line' id='line_1_14' title="bbox 289 1596 1439 1674; baseline -0.001 -18"><span class='ocrx_word' id='word_1_128' title='bbox 289 1599 464 1672; x_wconf 86' lang='lat' dir='ltr'>imaginatus</span> <span class='ocrx_word' id='word_1_129' title='bbox 485 1608 536 1658; x_wconf 86' lang='lat' dir='ltr'>est.</span> <span class='ocrx_word' id='word_1_130' title='bbox 579 1598 662 1658; x_wconf 88' lang='lat' dir='ltr'>Prius</span> <span class='ocrx_word' id='word_1_131' title='bbox 682 1609 714 1657; x_wconf 93' lang='lat' dir='ltr'>ut</span> <span class='ocrx_word' id='word_1_132' title='bbox 734 1599 862 1668; x_wconf 90' lang='lat' dir='ltr'>credam,</span> <span class='ocrx_word' id='word_1_133' title='bbox 880 1596 989 1657; x_wconf 83' lang='lat' dir='ltr'>faciunt</span> <span class='ocrx_word' id='word_1_134' title='bbox 1010 1615 1085 1674; x_wconf 90' lang='lat' dir='ltr'>quae</span> <span class='ocrx_word' id='word_1_135' title='bbox 1107 1597 1144 1656; x_wconf 90' lang='lat' dir='ltr'>de</span> <span class='ocrx_word' id='word_1_136' title='bbox 1165 1615 1253 1656; x_wconf 87' lang='lat' dir='ltr'>causa</span> <span class='ocrx_word' id='word_1_137' title='bbox 1273 1598 1350 1656; x_wconf 81' lang='lat' dir='ltr'>exilii</span> <span class='ocrx_word' id='word_1_138' title='bbox 1370 1598 1439 1657; x_wconf 93' lang='lat' dir='ltr'>dicit</span> 
     </span>
     <span class='ocr_line' id='line_1_15' title="bbox 289 1677 1439 1757; baseline 0 -19"><span class='ocrx_word' id='word_1_139' title='bbox 289 1681 320 1738; x_wconf 91' lang='lat' dir='ltr'>in</span> <span class='ocrx_word' id='word_1_140' title='bbox 339 1681 484 1739; x_wconf 89' lang='lat' dir='ltr'>Tristibus</span> <span class='ocrx_word' id='word_1_141' title='bbox 505 1690 534 1738; x_wconf 91' lang='lat' dir='ltr'>et</span> <span class='ocrx_word' id='word_1_142' title='bbox 547 1679 686 1755; x_wconf 89' lang='lat' dir='ltr'>Epistulis</span> <span class='ocrx_word' id='word_1_143' title='bbox 708 1698 744 1738; x_wconf 89' lang='lat' dir='ltr'>ex</span> <span class='ocrx_word' id='word_1_144' title='bbox 762 1678 885 1739; x_wconf 78' lang='lat' dir='ltr'>Ponto*</span> <span class='ocrx_word' id='word_1_145' title='bbox 928 1677 973 1736; x_wconf 88' lang='lat' dir='ltr'>Ea</span> <span class='ocrx_word' id='word_1_146' title='bbox 994 1696 1195 1756; x_wconf 87' lang='lat' dir='ltr'>quaecumque</span> <span class='ocrx_word' id='word_1_147' title='bbox 1215 1679 1276 1750; x_wconf 85' lang='lat' dir='ltr'>fuit,</span> <span class='ocrx_word' id='word_1_148' title='bbox 1298 1677 1439 1757; x_wconf 83' lang='lat' dir='ltr'>(errorem</span> 
     </span>
     <span class='ocr_line' id='line_1_16' title="bbox 289 1756 1439 1838; baseline 0 -18"><span class='ocrx_word' id='word_1_149' title='bbox 289 1762 354 1838; x_wconf 91' lang='lat' dir='ltr'>ipse</span> <span class='ocrx_word' id='word_1_150' title='bbox 369 1761 436 1820; x_wconf 93' lang='lat' dir='ltr'>dicit</span> <span class='ocrx_word' id='word_1_151' title='bbox 451 1761 538 1820; x_wconf 90' lang='lat' dir='ltr'>Trist.</span> <span class='ocrx_word' id='word_1_152' title='bbox 553 1761 580 1819; x_wconf 90' lang='lat' dir='ltr'>ii.</span> <span class='ocrx_word' id='word_1_153' title='bbox 595 1779 662 1836; x_wconf 82' lang='lat'>207,</span> <span class='ocrx_word' id='word_1_154' title='bbox 674 1762 708 1819; x_wconf 90' lang='lat' dir='ltr'>iv.</span> <span class='ocrx_word' id='word_1_155' title='bbox 721 1781 749 1834; x_wconf 89' lang='lat'>4.</span> <span class='ocrx_word' id='word_1_156' title='bbox 762 1774 809 1835; x_wconf 80' lang='lat'>37,</span> <span class='ocrx_word' id='word_1_157' title='bbox 825 1760 910 1820; x_wconf 90' lang='lat' dir='ltr'>Pont.</span> <span class='ocrx_word' id='word_1_158' title='bbox 920 1760 947 1819; x_wconf 83' lang='lat' dir='ltr'>ii.</span> <span class='ocrx_word' id='word_1_159' title='bbox 961 1777 988 1835; x_wconf 84' lang='lat'>3.</span> <span class='ocrx_word' id='word_1_160' title='bbox 1001 1756 1051 1838; x_wconf 85' lang='lat'>9²)</span> <span class='ocrx_word' id='word_1_161' title='bbox 1065 1760 1178 1819; x_wconf 90' lang='lat' dir='ltr'>uidetur</span> <span class='ocrx_word' id='word_1_162' title='bbox 1192 1761 1336 1821; x_wconf 89' lang='lat' dir='ltr'>eiusmodi</span> <span class='ocrx_word' id='word_1_163' title='bbox 1350 1761 1439 1821; x_wconf 85' lang='lat' dir='ltr'>fuisse</span> 
     </span>
     <span class='ocr_line' id='line_1_17' title="bbox 290 1839 1440 1920; baseline 0 -19"><span class='ocrx_word' id='word_1_164' title='bbox 290 1861 366 1919; x_wconf 88' lang='lat' dir='ltr'>quae</span> <span class='ocrx_word' id='word_1_165' title='bbox 384 1845 488 1900; x_wconf 69' lang='lat' dir='ltr'>cuncti</span> <span class='ocrx_word' id='word_1_166' title='bbox 506 1844 624 1900; x_wconf 80' lang='lat' dir='ltr'>nimium</span> <span class='ocrx_word' id='word_1_167' title='bbox 645 1862 746 1918; x_wconf 72' lang='lat' dir='ltr'>quoque</span> <span class='ocrx_word' id='word_1_168' title='bbox 763 1849 827 1900; x_wconf 84' lang='lat' dir='ltr'>nota</span> <span class='ocrx_word' id='word_1_169' title='bbox 840 1839 942 1920; x_wconf 86' lang='lat' dir='ltr'>(Trist.</span> <span class='ocrx_word' id='word_1_170' title='bbox 956 1842 992 1901; x_wconf 90' lang='lat' dir='ltr'>iv.</span> <span class='ocrx_word' id='word_1_171' title='bbox 1009 1860 1036 1914; x_wconf 90' lang='lat'>4.</span> <span class='ocrx_word' id='word_1_172' title='bbox 1052 1839 1204 1919; x_wconf 76' lang='lat' dir='ltr'>43)&#39;csset.</span> <span class='ocrx_word' id='word_1_173' title='bbox 1247 1842 1336 1901; x_wconf 93' lang='lat' dir='ltr'>Vnde</span> <span class='ocrx_word' id='word_1_174' title='bbox 1355 1843 1440 1918; x_wconf 89' lang='lat' dir='ltr'>igitur</span> 
     </span>
     <span class='ocr_line' id='line_1_18' title="bbox 290 1922 1439 2002; baseline 0.001 -20"><span class='ocrx_word' id='word_1_175' title='bbox 290 1924 400 1983; x_wconf 87' lang='lat' dir='ltr'>lactum</span> <span class='ocrx_word' id='word_1_176' title='bbox 422 1933 519 1983; x_wconf 88' lang='lat' dir='ltr'>estut</span> <span class='ocrx_word' id='word_1_177' title='bbox 539 1929 635 2001; x_wconf 89' lang='lat' dir='ltr'>neque</span> <span class='ocrx_word' id='word_1_178' title='bbox 657 1924 720 2000; x_wconf 91' lang='lat' dir='ltr'>ipse</span> <span class='ocrx_word' id='word_1_179' title='bbox 741 1923 865 1984; x_wconf 90' lang='lat' dir='ltr'>Ouidius</span> <span class='ocrx_word' id='word_1_180' title='bbox 887 1942 983 2000; x_wconf 89' lang='lat' dir='ltr'>neque</span> <span class='ocrx_word' id='word_1_181' title='bbox 1005 1922 1077 1982; x_wconf 86' lang='lat' dir='ltr'>alius</span> <span class='ocrx_word' id='word_1_182' title='bbox 1100 1924 1254 2001; x_wconf 90' lang='lat' dir='ltr'>quisquam</span> <span class='ocrx_word' id='word_1_183' title='bbox 1274 1924 1439 2002; x_wconf 86' lang='lat' dir='ltr'>aequalium</span> 
     </span>
     <span class='ocr_line' id='line_1_19' title="bbox 289 2004 1440 2082; baseline 0 -18"><span class='ocrx_word' id='word_1_184' title='bbox 289 2022 409 2064; x_wconf 89' lang='lat' dir='ltr'>causam</span> <span class='ocrx_word' id='word_1_185' title='bbox 423 2005 523 2064; x_wconf 87' lang='lat' dir='ltr'>ruinae</span> <span class='ocrx_word' id='word_1_186' title='bbox 537 2005 661 2082; x_wconf 90' lang='lat' dir='ltr'>posteris</span> <span class='ocrx_word' id='word_1_187' title='bbox 673 2005 840 2064; x_wconf 84' lang='lat' dir='ltr'>tradiderit?</span> <span class='ocrx_word' id='word_1_188' title='bbox 861 2004 934 2063; x_wconf 89' lang='lat' dir='ltr'>Esto</span> <span class='ocrx_word' id='word_1_189' title='bbox 946 2005 1024 2062; x_wconf 92' lang='lat' dir='ltr'>enim</span> <span class='ocrx_word' id='word_1_190' title='bbox 1038 2014 1070 2062; x_wconf 93' lang='lat' dir='ltr'>ut</span> <span class='ocrx_word' id='word_1_191' title='bbox 1078 2004 1203 2081; x_wconf 91' lang='lat' dir='ltr'>Augusti</span> <span class='ocrx_word' id='word_1_192' title='bbox 1215 2006 1320 2064; x_wconf 91' lang='lat' dir='ltr'>domus</span> <span class='ocrx_word' id='word_1_193' title='bbox 1331 2005 1440 2082; x_wconf 85' lang='lat' dir='ltr'>flagitia</span> 
     </span>
     <span class='ocr_line' id='line_1_20' title="bbox 290 2085 1439 2164; baseline 0.001 -20"><span class='ocrx_word' id='word_1_194' title='bbox 290 2087 358 2145; x_wconf 88' lang='lat' dir='ltr'>exul</span> <span class='ocrx_word' id='word_1_195' title='bbox 376 2086 500 2145; x_wconf 91' lang='lat' dir='ltr'>noluerit</span> <span class='ocrx_word' id='word_1_196' title='bbox 516 2086 622 2164; x_wconf 90' lang='lat' dir='ltr'>eloqui,</span> <span class='ocrx_word' id='word_1_197' title='bbox 637 2086 771 2164; x_wconf 90' lang='lat' dir='ltr'>quamuis</span> <span class='ocrx_word' id='word_1_198' title='bbox 790 2105 825 2146; x_wconf 88' lang='lat' dir='ltr'>ea</span> <span class='ocrx_word' id='word_1_199' title='bbox 844 2096 906 2145; x_wconf 88' lang='lat' dir='ltr'>tota</span> <span class='ocrx_word' id='word_1_200' title='bbox 921 2085 1019 2146; x_wconf 91' lang='lat' dir='ltr'>Roma</span> <span class='ocrx_word' id='word_1_201' title='bbox 1037 2085 1230 2164; x_wconf 89' lang='lat' dir='ltr'>uulgarentur.</span> <span class='ocrx_word' id='word_1_202' title='bbox 1271 2087 1312 2145; x_wconf 90' lang='lat' dir='ltr'>At</span> <span class='ocrx_word' id='word_1_203' title='bbox 1326 2097 1439 2146; x_wconf 89' lang='lat' dir='ltr'>ceteros</span> 
     </span>
     <span class='ocr_line' id='line_1_21' title="bbox 291 2167 1439 2244; baseline -0.001 -17"><span class='ocrx_word' id='word_1_204' title='bbox 291 2167 402 2227; x_wconf 89' lang='lat' dir='ltr'>siluisse</span> <span class='ocrx_word' id='word_1_205' title='bbox 423 2167 504 2244; x_wconf 92' lang='lat' dir='ltr'>quod</span> <span class='ocrx_word' id='word_1_206' title='bbox 528 2169 665 2227; x_wconf 89' lang='lat' dir='ltr'>omuibus</span> <span class='ocrx_word' id='word_1_207' title='bbox 687 2178 840 2240; x_wconf 88' lang='lat' dir='ltr'>constaret,</span> <span class='ocrx_word' id='word_1_208' title='bbox 863 2186 966 2227; x_wconf 89' lang='lat' dir='ltr'>ausum</span> <span class='ocrx_word' id='word_1_209' title='bbox 989 2168 1137 2226; x_wconf 91' lang='lat' dir='ltr'>neminem</span> <span class='ocrx_word' id='word_1_210' title='bbox 1159 2167 1246 2227; x_wconf 90' lang='lat' dir='ltr'>fuisse</span> <span class='ocrx_word' id='word_1_211' title='bbox 1267 2167 1439 2226; x_wconf 84' lang='lat' dir='ltr'>nobilissimi</span> 
     </span>
     <span class='ocr_line' id='line_1_22' title="bbox 289 2248 1438 2326; baseline -0.002 -17"><span class='ocrx_word' id='word_1_212' title='bbox 289 2256 395 2326; x_wconf 69' lang='lat' dir='ltr'>poetae</span> <span class='ocrx_word' id='word_1_213' title='bbox 409 2267 536 2308; x_wconf 91' lang='lat' dir='ltr'>errorem</span> <span class='ocrx_word' id='word_1_214' title='bbox 551 2249 706 2321; x_wconf 88' lang='lat' dir='ltr'>declarare,</span> <span class='ocrx_word' id='word_1_215' title='bbox 721 2267 813 2307; x_wconf 87' lang='lat' dir='ltr'>unum</span> <span class='ocrx_word' id='word_1_216' title='bbox 829 2249 968 2309; x_wconf 91' lang='lat' dir='ltr'>Ouidium</span> <span class='ocrx_word' id='word_1_217' title='bbox 986 2267 1023 2307; x_wconf 86' lang='lat' dir='ltr'>ex</span> <span class='ocrx_word' id='word_1_218' title='bbox 1040 2248 1176 2308; x_wconf 91' lang='lat' dir='ltr'>omnibus</span> <span class='ocrx_word' id='word_1_219' title='bbox 1192 2249 1224 2307; x_wconf 92' lang='lat' dir='ltr'>in</span> <span class='ocrx_word' id='word_1_220' title='bbox 1237 2250 1339 2308; x_wconf 90' lang='lat' dir='ltr'>ultima</span> <span class='ocrx_word' id='word_1_221' title='bbox 1353 2259 1438 2307; x_wconf 87' lang='lat' dir='ltr'>terra·</span> 
     </span>
     <span class='ocr_line' id='line_1_23' title="bbox 289 2330 1440 2408; baseline -0.002 -18"><span class='ocrx_word' id='word_1_222' title='bbox 289 2349 355 2390; x_wconf 90' lang='lat' dir='ltr'>rum</span> <span class='ocrx_word' id='word_1_223' title='bbox 371 2330 531 2408; x_wconf 90' lang='lat' dir='ltr'>relegatum</span> <span class='ocrx_word' id='word_1_224' title='bbox 550 2349 646 2408; x_wconf 89' lang='lat' dir='ltr'>neque</span> <span class='ocrx_word' id='word_1_225' title='bbox 663 2341 833 2390; x_wconf 88' lang='lat' dir='ltr'>reuocatum</span> <span class='ocrx_word' id='word_1_226' title='bbox 850 2331 937 2390; x_wconf 84' lang='lat' dir='ltr'>fuisse</span> <span class='ocrx_word' id='word_1_227' title='bbox 947 2351 955 2404; x_wconf 90' lang='lat'>;</span> <span class='ocrx_word' id='word_1_228' title='bbox 984 2330 1057 2390; x_wconf 90' lang='lat' dir='ltr'>haec</span> <span class='ocrx_word' id='word_1_229' title='bbox 1078 2330 1153 2390; x_wconf 89' lang='lat' dir='ltr'>adeo</span> <span class='ocrx_word' id='word_1_230' title='bbox 1172 2330 1312 2389; x_wconf 86' lang='lat' dir='ltr'>mirabilia</span> <span class='ocrx_word' id='word_1_231' title='bbox 1326 2340 1394 2390; x_wconf 90' lang='lat' dir='ltr'>sunt</span> <span class='ocrx_word' id='word_1_232' title='bbox 1407 2339 1440 2389; x_wconf 91' lang='lat' dir='ltr'>ut</span> 
     </span>
     <span class='ocr_line' id='line_1_24' title="bbox 290 2410 1438 2489; baseline -0.001 -18"><span class='ocrx_word' id='word_1_233' title='bbox 290 2413 388 2472; x_wconf 87' lang='lat' dir='ltr'>arcani</span> <span class='ocrx_word' id='word_1_234' title='bbox 402 2412 510 2489; x_wconf 89' lang='lat' dir='ltr'>aliquid</span> <span class='ocrx_word' id='word_1_235' title='bbox 523 2413 641 2472; x_wconf 89' lang='lat' dir='ltr'>latuisse</span> <span class='ocrx_word' id='word_1_236' title='bbox 655 2413 818 2489; x_wconf 85' lang='lat' dir='ltr'>suspiceris.</span> <span class='ocrx_word' id='word_1_237' title='bbox 860 2412 930 2472; x_wconf 87' lang='lat' dir='ltr'>Hoc</span> <span class='ocrx_word' id='word_1_238' title='bbox 949 2410 1020 2489; x_wconf 90' lang='lat' dir='ltr'>quid</span> <span class='ocrx_word' id='word_1_239' title='bbox 1038 2411 1129 2483; x_wconf 89' lang='lat' dir='ltr'>fuerit,</span> <span class='ocrx_word' id='word_1_240' title='bbox 1144 2430 1197 2489; x_wconf 88' lang='lat' dir='ltr'>pro</span> <span class='ocrx_word' id='word_1_241' title='bbox 1212 2413 1362 2488; x_wconf 88' lang='lat' dir='ltr'>explorato</span> <span class='ocrx_word' id='word_1_242' title='bbox 1376 2429 1438 2470; x_wconf 91' lang='lat' dir='ltr'>non</span> 
     </span>
     <span class='ocr_line' id='line_1_25' title="bbox 290 2493 1438 2571; baseline 0.001 -18"><span class='ocrx_word' id='word_1_243' title='bbox 290 2505 348 2554; x_wconf 88' lang='lat' dir='ltr'>est:</span> <span class='ocrx_word' id='word_1_244' title='bbox 378 2493 430 2553; x_wconf 90' lang='lat' dir='ltr'>sed</span> <span class='ocrx_word' id='word_1_245' title='bbox 451 2512 513 2553; x_wconf 91' lang='lat' dir='ltr'>non</span> <span class='ocrx_word' id='word_1_246' title='bbox 534 2495 638 2553; x_wconf 92' lang='lat' dir='ltr'>desunt</span> <span class='ocrx_word' id='word_1_247' title='bbox 658 2493 787 2571; x_wconf 81' lang='lat' dir='ltr'>uestigia.</span> <span class='ocrx_word' id='word_1_248' title='bbox 829 2494 871 2553; x_wconf 91' lang='lat' dir='ltr'>Vt</span> <span class='ocrx_word' id='word_1_249' title='bbox 892 2495 973 2552; x_wconf 89' lang='lat' dir='ltr'>breui</span> <span class='ocrx_word' id='word_1_250' title='bbox 994 2493 1064 2571; x_wconf 88' lang='lat' dir='ltr'>quid</span> <span class='ocrx_word' id='word_1_251' title='bbox 1087 2511 1151 2552; x_wconf 93' lang='lat' dir='ltr'>rear</span> <span class='ocrx_word' id='word_1_252' title='bbox 1172 2494 1329 2565; x_wconf 89' lang='lat' dir='ltr'>enuntiem,</span> <span class='ocrx_word' id='word_1_253' title='bbox 1351 2493 1438 2554; x_wconf 90' lang='lat' dir='ltr'>Isidis</span> 
     </span>
     <span class='ocr_line' id='line_1_26' title="bbox 290 2575 1439 2648; baseline -0.001 -13"><span class='ocrx_word' id='word_1_254' title='bbox 290 2594 372 2636; x_wconf 90' lang='lat' dir='ltr'>sacra</span> <span class='ocrx_word' id='word_1_255' title='bbox 384 2575 523 2636; x_wconf 88' lang='lat' dir='ltr'>Ouidium</span> <span class='ocrx_word' id='word_1_256' title='bbox 534 2577 659 2636; x_wconf 89' lang='lat' dir='ltr'>uiolasse</span> <span class='ocrx_word' id='word_1_257' title='bbox 670 2577 814 2648; x_wconf 83' lang='lat' dir='ltr'>existimo,</span> <span class='ocrx_word' id='word_1_258' title='bbox 823 2576 864 2634; x_wconf 89' lang='lat' dir='ltr'>ita</span> <span class='ocrx_word' id='word_1_259' title='bbox 877 2586 976 2634; x_wconf 90' lang='lat' dir='ltr'>tamen</span> <span class='ocrx_word' id='word_1_260' title='bbox 987 2584 1018 2633; x_wconf 88' lang='lat' dir='ltr'>ut</span> <span class='ocrx_word' id='word_1_261' title='bbox 1029 2593 1097 2635; x_wconf 92' lang='lat' dir='ltr'>cum</span> <span class='ocrx_word' id='word_1_262' title='bbox 1111 2575 1267 2634; x_wconf 85' lang='lat' dir='ltr'>infamiaid</span> <span class='ocrx_word' id='word_1_263' title='bbox 1279 2575 1439 2634; x_wconf 83' lang='lat' dir='ltr'>Caesarum</span> 
     </span>
     <span class='ocr_line' id='line_1_27' title="bbox 289 2656 1439 2734; baseline -0.001 -18"><span class='ocrx_word' id='word_1_264' title='bbox 289 2657 479 2716; x_wconf 88' lang='lat' dir='ltr'>coniunctum</span> <span class='ocrx_word' id='word_1_265' title='bbox 494 2657 585 2716; x_wconf 83' lang='lat' dir='ltr'>fuerit.</span> <span class='ocrx_word' id='word_1_266' title='bbox 628 2658 663 2717; x_wconf 95' lang='lat' dir='ltr'>Id</span> <span class='ocrx_word' id='word_1_267' title='bbox 678 2658 767 2734; x_wconf 90' lang='lat' dir='ltr'>siquis</span> <span class='ocrx_word' id='word_1_268' title='bbox 785 2667 906 2733; x_wconf 88' lang='lat' dir='ltr'>quaerat</span> <span class='ocrx_word' id='word_1_269' title='bbox 924 2657 1076 2734; x_wconf 91' lang='lat' dir='ltr'>quomodo</span> <span class='ocrx_word' id='word_1_270' title='bbox 1095 2657 1156 2715; x_wconf 89' lang='lat' dir='ltr'>fieri</span> <span class='ocrx_word' id='word_1_271' title='bbox 1172 2657 1305 2733; x_wconf 89' lang='lat' dir='ltr'>potuerit,</span> <span class='ocrx_word' id='word_1_272' title='bbox 1321 2656 1439 2715; x_wconf 89' lang='lat' dir='ltr'>docebit</span> 
     </span>
     <span class='ocr_line' id='line_1_28' title="bbox 290 2737 1439 2817; baseline 0 -21"><span class='ocrx_word' id='word_1_273' title='bbox 290 2738 435 2817; x_wconf 91' lang='lat' dir='ltr'>Iosephus</span> <span class='ocrx_word' id='word_1_274' title='bbox 453 2739 553 2817; x_wconf 88' lang='lat' dir='ltr'>Antiq.</span> <span class='ocrx_word' id='word_1_275' title='bbox 573 2739 648 2797; x_wconf 89' lang='lat' dir='ltr'>xviii.</span> <span class='ocrx_word' id='word_1_276' title='bbox 670 2758 698 2814; x_wconf 86' lang='lat'>3.</span> <span class='ocrx_word' id='word_1_277' title='bbox 740 2738 848 2798; x_wconf 88' lang='lat' dir='ltr'>Narrat</span> <span class='ocrx_word' id='word_1_278' title='bbox 868 2739 947 2797; x_wconf 88' lang='lat' dir='ltr'>enirn</span> <span class='ocrx_word' id='word_1_279' title='bbox 967 2739 1127 2814; x_wconf 89' lang='lat' dir='ltr'>imperante</span> <span class='ocrx_word' id='word_1_280' title='bbox 1142 2737 1271 2809; x_wconf 91' lang='lat' dir='ltr'>Tiberio,</span> <span class='ocrx_word' id='word_1_281' title='bbox 1291 2737 1439 2798; x_wconf 91' lang='lat' dir='ltr'>Mundum</span> 
     </span>
     <span class='ocr_line' id='line_1_29' title="bbox 289 2819 1440 2897; baseline 0.002 -19"><span class='ocrx_word' id='word_1_282' title='bbox 289 2821 436 2897; x_wconf 90' lang='lat' dir='ltr'>quendam</span> <span class='ocrx_word' id='word_1_283' title='bbox 457 2837 556 2879; x_wconf 88' lang='lat' dir='ltr'>amore</span> <span class='ocrx_word' id='word_1_284' title='bbox 578 2830 697 2897; x_wconf 90' lang='lat' dir='ltr'>captum</span> <span class='ocrx_word' id='word_1_285' title='bbox 717 2819 854 2879; x_wconf 89' lang='lat' dir='ltr'>Paulinae</span> <span class='ocrx_word' id='word_1_286' title='bbox 875 2839 951 2897; x_wconf 90' lang='lat' dir='ltr'>quae</span> <span class='ocrx_word' id='word_1_287' title='bbox 965 2819 1128 2878; x_wconf 84' lang='lat' dir='ltr'>&#39;Saturnino</span> <span class='ocrx_word' id='word_1_288' title='bbox 1149 2829 1296 2895; x_wconf 89' lang='lat' dir='ltr'>nupserat,</span> <span class='ocrx_word' id='word_1_289' title='bbox 1316 2837 1383 2879; x_wconf 90' lang='lat' dir='ltr'>curn</span> <span class='ocrx_word' id='word_1_290' title='bbox 1404 2836 1440 2880; x_wconf 82' lang='lat' dir='ltr'>ca</span> 
     </span>
     <span class='ocr_line' id='line_1_30' title="bbox 290 2900 1438 2977; baseline 0.003 -19"><span class='ocrx_word' id='word_1_291' title='bbox 290 2902 459 2959; x_wconf 91' lang='lat' dir='ltr'>muneribus</span> <span class='ocrx_word' id='word_1_292' title='bbox 480 2919 542 2960; x_wconf 92' lang='lat' dir='ltr'>non</span> <span class='ocrx_word' id='word_1_293' title='bbox 562 2903 686 2972; x_wconf 87' lang='lat' dir='ltr'>cederet,</span> <span class='ocrx_word' id='word_1_294' title='bbox 700 2901 818 2961; x_wconf 89' lang='lat' dir='ltr'>libertae</span> <span class='ocrx_word' id='word_1_295' title='bbox 833 2901 901 2960; x_wconf 90' lang='lat' dir='ltr'>Ides</span> <span class='ocrx_word' id='word_1_296' title='bbox 920 2900 989 2961; x_wconf 91' lang='lat' dir='ltr'>dolo</span> <span class='ocrx_word' id='word_1_297' title='bbox 1009 2900 1047 2959; x_wconf 86' lang='lat' dir='ltr'>ad</span> <span class='ocrx_word' id='word_1_298' title='bbox 1068 2913 1200 2977; x_wconf 91' lang='lat' dir='ltr'>stuprum</span> <span class='ocrx_word' id='word_1_299' title='bbox 1218 2902 1258 2959; x_wconf 93' lang='lat' dir='ltr'>sic</span> <span class='ocrx_word' id='word_1_300' title='bbox 1279 2900 1438 2962; x_wconf 82' lang='lat' dir='ltr'>induxisse.</span> 
     </span>
     <span class='ocr_line' id='line_1_31' title="bbox 291 2981 1440 3061; baseline -0.002 -20"><span class='ocrx_word' id='word_1_301' title='bbox 291 2981 415 3041; x_wconf 89' lang='lat' dir='ltr'>Colebat</span> <span class='ocrx_word' id='word_1_302' title='bbox 432 2981 552 3042; x_wconf 88' lang='lat' dir='ltr'>Paulina</span> <span class='ocrx_word' id='word_1_303' title='bbox 571 2982 631 3042; x_wconf 92' lang='lat' dir='ltr'>Isin</span> <span class='ocrx_word' id='word_1_304' title='bbox 641 3002 649 3055; x_wconf 90' lang='lat'>;</span> <span class='ocrx_word' id='word_1_305' title='bbox 678 2983 765 3043; x_wconf 92' lang='lat' dir='ltr'>huius</span> <span class='ocrx_word' id='word_1_306' title='bbox 787 2983 985 3042; x_wconf 90' lang='lat' dir='ltr'>sacerdotibus</span> <span class='ocrx_word' id='word_1_307' title='bbox 1004 2983 1057 3041; x_wconf 95' lang='lat' dir='ltr'>Ide</span> <span class='ocrx_word' id='word_1_308' title='bbox 1078 2983 1221 3061; x_wconf 87' lang='lat' dir='ltr'>persuasit</span> <span class='ocrx_word' id='word_1_309' title='bbox 1242 2983 1316 3042; x_wconf 86' lang='lat' dir='ltr'>datis</span> <span class='ocrx_word' id='word_1_310' title='bbox 1337 2982 1440 3060; x_wconf 90' lang='lat' dir='ltr'>uiginti</span> 
     </span>
     <span class='ocr_line' id='line_1_32' title="bbox 290 3063 1439 3141; baseline 0 -20"><span class='ocrx_word' id='word_1_311' title='bbox 290 3063 421 3140; x_wconf 91' lang='lat' dir='ltr'>quinque</span> <span class='ocrx_word' id='word_1_312' title='bbox 435 3064 550 3123; x_wconf 89' lang='lat' dir='ltr'>milibus</span> <span class='ocrx_word' id='word_1_313' title='bbox 565 3065 777 3137; x_wconf 87' lang='lat' dir='ltr'>drachmarum,</span> <span class='ocrx_word' id='word_1_314' title='bbox 789 3065 882 3123; x_wconf 92' lang='lat' dir='ltr'>alteris</span> <span class='ocrx_word' id='word_1_315' title='bbox 897 3064 1018 3124; x_wconf 92' lang='lat' dir='ltr'>totidem</span> <span class='ocrx_word' id='word_1_316' title='bbox 1032 3064 1183 3141; x_wconf 89' lang='lat' dir='ltr'>promissis</span> <span class='ocrx_word' id='word_1_317' title='bbox 1195 3065 1219 3123; x_wconf 90' lang='lat' dir='ltr'>si</span> <span class='ocrx_word' id='word_1_318' title='bbox 1229 3082 1291 3122; x_wconf 88' lang='lat' dir='ltr'>rem</span> <span class='ocrx_word' id='word_1_319' title='bbox 1303 3063 1439 3140; x_wconf 84' lang='lat' dir='ltr'>perfecis-</span> 
     </span>
     <span class='ocr_line' id='line_1_33' title="bbox 221 3145 1440 3224; baseline -0.003 -16"><span class='ocrx_word' id='word_1_320' title='bbox 221 3203 223 3208; x_wconf 91' lang='lat'>.</span> <span class='ocrx_word' id='word_1_321' title='bbox 291 3154 364 3216; x_wconf 90' lang='lat' dir='ltr'>sent,</span> <span class='ocrx_word' id='word_1_322' title='bbox 378 3155 411 3203; x_wconf 93' lang='lat' dir='ltr'>ut</span> <span class='ocrx_word' id='word_1_323' title='bbox 430 3145 580 3204; x_wconf 91' lang='lat' dir='ltr'>mulierem</span> <span class='ocrx_word' id='word_1_324' title='bbox 600 3165 652 3222; x_wconf 89' lang='lat' dir='ltr'>per</span> <span class='ocrx_word' id='word_1_325' title='bbox 672 3147 791 3206; x_wconf 90' lang='lat' dir='ltr'>insidias</span> <span class='ocrx_word' id='word_1_326' title='bbox 806 3145 922 3224; x_wconf 91' lang='lat' dir='ltr'>Mundo</span> <span class='ocrx_word' id='word_1_327' title='bbox 942 3145 1137 3206; x_wconf 87' lang='lat' dir='ltr'>conciliarent.</span> <span class='ocrx_word' id='word_1_328' title='bbox 1178 3145 1281 3221; x_wconf 82' lang='lat' dir='ltr'>Itaque</span> <span class='ocrx_word' id='word_1_329' title='bbox 1300 3145 1351 3221; x_wconf 93' lang='lat' dir='ltr'>qui</span> <span class='ocrx_word' id='word_1_330' title='bbox 1368 3154 1440 3204; x_wconf 91' lang='lat' dir='ltr'>natu</span> 
     </span>
     <span class='ocr_line' id='line_1_34' title="bbox 290 3227 1441 3305; baseline 0 -21"><span class='ocrx_word' id='word_1_331' title='bbox 290 3228 436 3286; x_wconf 86' lang='lat' dir='ltr'>maximus</span> <span class='ocrx_word' id='word_1_332' title='bbox 453 3245 490 3284; x_wconf 82' lang='lat' dir='ltr'>ex</span> <span class='ocrx_word' id='word_1_333' title='bbox 504 3227 539 3286; x_wconf 90' lang='lat' dir='ltr'>iis</span> <span class='ocrx_word' id='word_1_334' title='bbox 557 3237 627 3299; x_wconf 90' lang='lat' dir='ltr'>erat,</span> <span class='ocrx_word' id='word_1_335' title='bbox 642 3237 753 3287; x_wconf 91' lang='lat' dir='ltr'>secreto</span> <span class='ocrx_word' id='word_1_336' title='bbox 771 3227 930 3305; x_wconf 90' lang='lat' dir='ltr'>conloquio</span> <span class='ocrx_word' id='word_1_337' title='bbox 944 3227 1081 3287; x_wconf 89' lang='lat' dir='ltr'>Paulinae</span> <span class='ocrx_word' id='word_1_338' title='bbox 1100 3227 1282 3286; x_wconf 86' lang='lat' dir='ltr'>confirmauit</span> <span class='ocrx_word' id='word_1_339' title='bbox 1297 3227 1441 3285; x_wconf 89' lang='lat' dir='ltr'>Anubidis</span> 
     </span>
     <span class='ocr_line' id='line_1_35' title="bbox 290 3307 1440 3382; baseline -0.002 -14"><span class='ocrx_word' id='word_1_340' title='bbox 290 3327 324 3368; x_wconf 90' lang='lat' dir='ltr'>se</span> <span class='ocrx_word' id='word_1_341' title='bbox 338 3309 471 3366; x_wconf 90' lang='lat' dir='ltr'>nuntium</span> <span class='ocrx_word' id='word_1_342' title='bbox 485 3309 622 3381; x_wconf 90' lang='lat' dir='ltr'>uenisse;</span> <span class='ocrx_word' id='word_1_343' title='bbox 644 3309 724 3369; x_wconf 88' lang='lat' dir='ltr'>hunc</span> <span class='ocrx_word' id='word_1_344' title='bbox 738 3327 804 3368; x_wconf 89' lang='lat' dir='ltr'>eam</span> <span class='ocrx_word' id='word_1_345' title='bbox 819 3327 926 3382; x_wconf 89' lang='lat' dir='ltr'>amare,</span> <span class='ocrx_word' id='word_1_346' title='bbox 940 3309 1039 3368; x_wconf 92' lang='lat' dir='ltr'>iubere</span> <span class='ocrx_word' id='word_1_347' title='bbox 1053 3317 1085 3367; x_wconf 93' lang='lat' dir='ltr'>ut</span> <span class='ocrx_word' id='word_1_348' title='bbox 1098 3309 1136 3367; x_wconf 89' lang='lat' dir='ltr'>ad</span> <span class='ocrx_word' id='word_1_349' title='bbox 1150 3327 1183 3368; x_wconf 91' lang='lat' dir='ltr'>se</span> <span class='ocrx_word' id='word_1_350' title='bbox 1197 3311 1316 3367; x_wconf 88' lang='lat' dir='ltr'>ueniret.</span> <span class='ocrx_word' id='word_1_351' title='bbox 1359 3307 1440 3366; x_wconf 88' lang='lat' dir='ltr'>Turn</span> 
     </span>
     <span class='ocr_line' id='line_1_36' title="bbox 291 3388 1440 3467; baseline -0.002 -19"><span class='ocrx_word' id='word_1_352' title='bbox 291 3388 412 3448; x_wconf 87' lang='lat' dir='ltr'>Paulina</span> <span class='ocrx_word' id='word_1_353' title='bbox 427 3390 535 3448; x_wconf 89' lang='lat' dir='ltr'>sciente</span> <span class='ocrx_word' id='word_1_354' title='bbox 549 3392 653 3449; x_wconf 82' lang='lat' dir='ltr'>marito</span> <span class='ocrx_word' id='word_1_355' title='bbox 668 3392 714 3449; x_wconf 89' lang='lat' dir='ltr'>cui</span> <span class='ocrx_word' id='word_1_356' title='bbox 728 3408 790 3449; x_wconf 88' lang='lat' dir='ltr'>rem</span> <span class='ocrx_word' id='word_1_357' title='bbox 805 3391 988 3467; x_wconf 85' lang='lat' dir='ltr'>patefecerat,</span> <span class='ocrx_word' id='word_1_358' title='bbox 1003 3391 1033 3448; x_wconf 92' lang='lat' dir='ltr'>in</span> <span class='ocrx_word' id='word_1_359' title='bbox 1047 3389 1132 3448; x_wconf 92' lang='lat' dir='ltr'>Isidis</span> <span class='ocrx_word' id='word_1_360' title='bbox 1147 3389 1216 3449; x_wconf 85' lang='lat' dir='ltr'>lano</span> <span class='ocrx_word' id='word_1_361' title='bbox 1231 3407 1300 3449; x_wconf 90' lang='lat' dir='ltr'>cum</span> <span class='ocrx_word' id='word_1_362' title='bbox 1314 3389 1440 3461; x_wconf 92' lang='lat' dir='ltr'>Mundo,</span> 
     </span>
     <span class='ocr_line' id='line_1_37' title="bbox 291 3470 1440 3548; baseline -0.001 -20"><span class='ocrx_word' id='word_1_363' title='bbox 291 3489 380 3548; x_wconf 92' lang='lat' dir='ltr'>quem</span> <span class='ocrx_word' id='word_1_364' title='bbox 395 3471 514 3529; x_wconf 84' lang='lat' dir='ltr'>Anubin</span> <span class='ocrx_word' id='word_1_365' title='bbox 533 3488 598 3530; x_wconf 90' lang='lat' dir='ltr'>esse</span> <span class='ocrx_word' id='word_1_366' title='bbox 617 3474 740 3542; x_wconf 89' lang='lat' dir='ltr'>rebatur,</span> <span class='ocrx_word' id='word_1_367' title='bbox 756 3472 921 3531; x_wconf 88' lang='lat' dir='ltr'>concubuit.</span> <span class='ocrx_word' id='word_1_368' title='bbox 964 3471 1054 3543; x_wconf 91' lang='lat' dir='ltr'>Quod</span> <span class='ocrx_word' id='word_1_369' title='bbox 1069 3470 1205 3530; x_wconf 89' lang='lat' dir='ltr'>Tiberius</span> <span class='ocrx_word' id='word_1_370' title='bbox 1222 3489 1290 3530; x_wconf 89' lang='lat' dir='ltr'>cum</span> <span class='ocrx_word' id='word_1_371' title='bbox 1307 3470 1440 3531; x_wconf 87' lang='lat' dir='ltr'>rescisset</span> 
     </span>
     <span class='ocr_line' id='line_1_38' title="bbox 291 3551 1440 3629; baseline -0.001 -19"><span class='ocrx_word' id='word_1_372' title='bbox 291 3551 440 3610; x_wconf 92' lang='lat' dir='ltr'>Mundum</span> <span class='ocrx_word' id='word_1_373' title='bbox 454 3552 484 3609; x_wconf 93' lang='lat' dir='ltr'>in</span> <span class='ocrx_word' id='word_1_374' title='bbox 501 3552 619 3610; x_wconf 85' lang='lat' dir='ltr'>exilium</span> <span class='ocrx_word' id='word_1_375' title='bbox 637 3555 779 3629; x_wconf 86' lang='lat' dir='ltr'>exegisse,</span> <span class='ocrx_word' id='word_1_376' title='bbox 794 3553 879 3612; x_wconf 90' lang='lat' dir='ltr'>Isidis</span> <span class='ocrx_word' id='word_1_377' title='bbox 897 3552 999 3612; x_wconf 84' lang='lat' dir='ltr'>lanum</span> <span class='ocrx_word' id='word_1_378' title='bbox 1016 3552 1145 3624; x_wconf 89' lang='lat' dir='ltr'>diruisse,</span> <span class='ocrx_word' id='word_1_379' title='bbox 1160 3552 1233 3611; x_wconf 89' lang='lat' dir='ltr'>deae</span> <span class='ocrx_word' id='word_1_380' title='bbox 1252 3552 1440 3611; x_wconf 88' lang='lat' dir='ltr'>simulacrum</span> 
     </span>
     <span class='ocr_line' id='line_1_39' title="bbox 290 3633 1440 3711; baseline -0.002 -19"><span class='ocrx_word' id='word_1_381' title='bbox 290 3634 322 3692; x_wconf 92' lang='lat' dir='ltr'>in</span> <span class='ocrx_word' id='word_1_382' title='bbox 344 3633 475 3692; x_wconf 90' lang='lat' dir='ltr'>Tiberim</span> <span class='ocrx_word' id='word_1_383' title='bbox 497 3633 734 3710; x_wconf 78' lang='lat' dir='ltr'>proici&#39;iussisse.</span> <span class='ocrx_word' id='word_1_384' title='bbox 781 3634 840 3694; x_wconf 89' lang='lat' dir='ltr'>Sed</span> <span class='ocrx_word' id='word_1_385' title='bbox 865 3645 895 3694; x_wconf 93' lang='lat' dir='ltr'>et</span> <span class='ocrx_word' id='word_1_386' title='bbox 918 3636 981 3711; x_wconf 88' lang='lat' dir='ltr'>ipse</span> <span class='ocrx_word' id='word_1_387' title='bbox 1003 3633 1127 3694; x_wconf 91' lang='lat' dir='ltr'>Ouidius</span> <span class='ocrx_word' id='word_1_388' title='bbox 1149 3643 1269 3693; x_wconf 86' lang='lat' dir='ltr'>testatur</span> <span class='ocrx_word' id='word_1_389' title='bbox 1289 3634 1440 3710; x_wconf 68' lang='lat' dir='ltr'>librigerum</span> 
     </span>
     <span class='ocr_line' id='line_1_40' title="bbox 282 3713 1439 3794; baseline -0.001 -21"><span class='ocrx_word' id='word_1_390' title='bbox 282 3715 360 3792; x_wconf 79' lang='lat' dir='ltr'>fieri</span> <span class='ocrx_word' id='word_1_391' title='bbox 373 3715 443 3790; x_wconf 82' lang='lat' dir='ltr'>quid</span> <span class='ocrx_word' id='word_1_392' title='bbox 452 3716 542 3790; x_wconf 81' lang='lat' dir='ltr'>possit</span> <span class='ocrx_word' id='word_1_393' title='bbox 556 3716 596 3772; x_wconf 85' lang='lat' dir='ltr'>ad</span> <span class='ocrx_word' id='word_1_394' title='bbox 605 3715 670 3773; x_wconf 84' lang='lat' dir='ltr'>Isin</span> <span class='ocrx_word' id='word_1_395' title='bbox 684 3713 765 3794; x_wconf 90' lang='lat' dir='ltr'>(Am.</span> <span class='ocrx_word' id='word_1_396' title='bbox 780 3717 807 3774; x_wconf 89' lang='lat' dir='ltr'>ii.</span> <span class='ocrx_word' id='word_1_397' title='bbox 825 3735 850 3776; x_wconf 83' lang='lat' dir='ltr'>a.</span> <span class='ocrx_word' id='word_1_398' title='bbox 868 3736 882 3774; x_wconf 87' lang='lat'>2</span> <span class='ocrx_word' id='word_1_399' title='bbox 887 3731 914 3792; x_wconf 85' lang='lat'>5,</span> <span class='ocrx_word' id='word_1_400' title='bbox 930 3715 966 3777; x_wconf 86' lang='lat' dir='ltr'>cf.</span> <span class='ocrx_word' id='word_1_401' title='bbox 981 3715 1070 3774; x_wconf 89' lang='lat' dir='ltr'>Trist.</span> <span class='ocrx_word' id='word_1_402' title='bbox 1085 3715 1112 3772; x_wconf 89' lang='lat' dir='ltr'>ii.</span> <span class='ocrx_word' id='word_1_403' title='bbox 1131 3729 1198 3792; x_wconf 82' lang='lat'>297,</span> <span class='ocrx_word' id='word_1_404' title='bbox 1213 3714 1314 3774; x_wconf 92' lang='lat' dir='ltr'>quen.</span> <span class='ocrx_word' id='word_1_405' title='bbox 1328 3715 1364 3773; x_wconf 89' lang='lat' dir='ltr'>vi.</span> <span class='ocrx_word' id='word_1_406' title='bbox 1380 3732 1439 3790; x_wconf 88' lang='lat'>490</span> 
     </span>
     <span class='ocr_line' id='line_1_41' title="bbox 290 3795 1493 3876; baseline -0.002 -21"><span class='ocrx_word' id='word_1_407' title='bbox 290 3795 401 3856; x_wconf 62' lang='lat' dir='ltr'>Isiacae</span> <span class='ocrx_word' id='word_1_408' title='bbox 418 3799 548 3856; x_wconf 86' lang='lat' dir='ltr'>sacrario</span> <span class='ocrx_word' id='word_1_409' title='bbox 568 3797 650 3869; x_wconf 75' lang='lat' dir='ltr'>lenae,</span> <span class='ocrx_word' id='word_1_410' title='bbox 668 3797 775 3856; x_wconf 88' lang='lat' dir='ltr'>Preller</span> <span class='ocrx_word' id='word_1_411' title='bbox 796 3796 884 3857; x_wconf 74' lang='lat' dir='ltr'>Rom.</span> <span class='ocrx_word' id='word_1_412' title='bbox 904 3797 997 3873; x_wconf 91' lang='lat' dir='ltr'>Myth.</span> <span class='ocrx_word' id='word_1_413' title='bbox 1015 3815 1042 3872; x_wconf 91' lang='lat' dir='ltr'>p.</span> <span class='ocrx_word' id='word_1_414' title='bbox 1060 3797 1163 3876; x_wconf 79' lang='lat'>728.)†</span> <span class='ocrx_word' id='word_1_415' title='bbox 1203 3796 1246 3855; x_wconf 93' lang='lat' dir='ltr'>Vt</span> <span class='ocrx_word' id='word_1_416' title='bbox 1265 3797 1352 3873; x_wconf 91' lang='lat' dir='ltr'>igitur</span> <span class='ocrx_word' id='word_1_417' title='bbox 1372 3813 1440 3854; x_wconf 90' lang='lat' dir='ltr'>cum</span> <span class='ocrx_word' id='word_1_418' title='bbox 1490 3817 1493 3823; x_wconf 93' lang='lat'>·</span> 
     </span>
     <span class='ocr_line' id='line_1_42' title="bbox 291 3875 1441 3955; baseline -0.002 -18"><span class='ocrx_word' id='word_1_419' title='bbox 291 3875 436 3955; x_wconf 88' lang='lat' dir='ltr'>plerisque</span> <span class='ocrx_word' id='word_1_420' title='bbox 456 3887 615 3937; x_wconf 86' lang='lat' dir='ltr'>statuamus</span> <span class='ocrx_word' id='word_1_421' title='bbox 630 3877 769 3938; x_wconf 90' lang='lat' dir='ltr'>Ouidium</span> <span class='ocrx_word' id='word_1_422' title='bbox 788 3879 909 3937; x_wconf 92' lang='lat' dir='ltr'>minoris</span> <span class='ocrx_word' id='word_1_423' title='bbox 923 3878 1022 3948; x_wconf 89' lang='lat' dir='ltr'>Iuliae,</span> <span class='ocrx_word' id='word_1_424' title='bbox 1037 3878 1162 3953; x_wconf 84' lang='lat' dir='ltr'>Augusti</span> <span class='ocrx_word' id='word_1_425' title='bbox 1180 3878 1285 3955; x_wconf 91' lang='lat' dir='ltr'>neptis,</span> <span class='ocrx_word' id='word_1_426' title='bbox 1300 3878 1441 3955; x_wconf 88' lang='lat' dir='ltr'>flagitium</span> 
     </span>
     <span class='ocr_line' id='line_1_43' title="bbox 292 3959 1440 4037; baseline -0.002 -19"><span class='ocrx_word' id='word_1_427' title='bbox 292 3959 411 4037; x_wconf 89' lang='lat' dir='ltr'>aliquod</span> <span class='ocrx_word' id='word_1_428' title='bbox 425 3960 533 4019; x_wconf 92' lang='lat' dir='ltr'>uidisse</span> <span class='ocrx_word' id='word_1_429' title='bbox 553 3960 641 4036; x_wconf 91' lang='lat' dir='ltr'>idque</span> <span class='ocrx_word' id='word_1_430' title='bbox 655 3979 725 4037; x_wconf 90' lang='lat' dir='ltr'>prae</span> <span class='ocrx_word' id='word_1_431' title='bbox 744 3961 848 4019; x_wconf 89' lang='lat' dir='ltr'>timore</span> <span class='ocrx_word' id='word_1_432' title='bbox 867 3959 1064 4018; x_wconf 89' lang='lat' dir='ltr'>dissimulasse</span> <span class='ocrx_word' id='word_1_433' title='bbox 1079 3959 1181 4037; x_wconf 90' lang='lat' dir='ltr'>(Trist.</span> <span class='ocrx_word' id='word_1_434' title='bbox 1196 3961 1232 4018; x_wconf 90' lang='lat' dir='ltr'>iv.</span> <span class='ocrx_word' id='word_1_435' title='bbox 1247 3979 1274 4032; x_wconf 89' lang='lat'>4.</span> <span class='ocrx_word' id='word_1_436' title='bbox 1292 3973 1340 4034; x_wconf 84' lang='lat'>37,</span> <span class='ocrx_word' id='word_1_437' title='bbox 1355 3959 1440 4017; x_wconf 84' lang='lat' dir='ltr'>Pont.</span> 
     </span>
     <span class='ocr_line' id='line_1_44' title="bbox 292 4037 1442 4117; baseline 0 -19"><span class='ocrx_word' id='word_1_438' title='bbox 292 4042 321 4100; x_wconf 91' lang='lat' dir='ltr'>ii.</span> <span class='ocrx_word' id='word_1_439' title='bbox 343 4060 369 4098; x_wconf 84' lang='lat' dir='ltr'>a.</span> <span class='ocrx_word' id='word_1_440' title='bbox 388 4037 447 4117; x_wconf 87' lang='lat'>19),</span> <span class='ocrx_word' id='word_1_441' title='bbox 466 4039 608 4100; x_wconf 89' lang='lat' dir='ltr'>habemus</span> <span class='ocrx_word' id='word_1_442' title='bbox 629 4059 681 4099; x_wconf 90' lang='lat' dir='ltr'>cur</span> <span class='ocrx_word' id='word_1_443' title='bbox 702 4041 836 4112; x_wconf 85' lang='lat' dir='ltr'>timuerit,</span> <span class='ocrx_word' id='word_1_444' title='bbox 851 4042 875 4100; x_wconf 92' lang='lat' dir='ltr'>si</span> <span class='ocrx_word' id='word_1_445' title='bbox 893 4050 943 4098; x_wconf 92' lang='lat' dir='ltr'>aut</span> <span class='ocrx_word' id='word_1_446' title='bbox 963 4041 1106 4116; x_wconf 84' lang='lat' dir='ltr'>corruptis</span> <span class='ocrx_word' id='word_1_447' title='bbox 1125 4041 1212 4100; x_wconf 90' lang='lat' dir='ltr'>Isidis</span> <span class='ocrx_word' id='word_1_448' title='bbox 1233 4041 1372 4100; x_wconf 90' lang='lat' dir='ltr'>ministris</span> <span class='ocrx_word' id='word_1_449' title='bbox 1391 4048 1442 4099; x_wconf 90' lang='lat' dir='ltr'>aut</span> 
     </span>
    </p>
   </div>
   <div class='ocr_carea' id='block_1_3' title="bbox 292 4121 1442 4199">
    <p class='ocr_par' dir='ltr' id='par_1_3' title="bbox 292 4121 1442 4199">
     <span class='ocr_line' id='line_1_45' title="bbox 292 4121 1442 4199; baseline 0.001 -20"><span class='ocrx_word' id='word_1_450' title='bbox 292 4123 391 4181; x_wconf 90' lang='lat' dir='ltr'>insciis</span> <span class='ocrx_word' id='word_1_451' title='bbox 405 4139 439 4180; x_wconf 86' lang='lat' dir='ltr'>ac</span> <span class='ocrx_word' id='word_1_452' title='bbox 453 4139 520 4180; x_wconf 88' lang='lat' dir='ltr'>sero</span> <span class='ocrx_word' id='word_1_453' title='bbox 534 4123 782 4198; x_wconf 86' lang='lat' dir='ltr'>cognoscentibus</span> <span class='ocrx_word' id='word_1_454' title='bbox 795 4123 826 4180; x_wconf 91' lang='lat' dir='ltr'>in</span> <span class='ocrx_word' id='word_1_455' title='bbox 840 4121 909 4182; x_wconf 86' lang='lat' dir='ltr'>sano</span> <span class='ocrx_word' id='word_1_456' title='bbox 924 4121 996 4183; x_wconf 91' lang='lat' dir='ltr'>deae</span> <span class='ocrx_word' id='word_1_457' title='bbox 1009 4123 1040 4181; x_wconf 93' lang='lat' dir='ltr'>id</span> <span class='ocrx_word' id='word_1_458' title='bbox 1050 4121 1159 4182; x_wconf 84' lang='lat' dir='ltr'>factum</span> <span class='ocrx_word' id='word_1_459' title='bbox 1172 4132 1223 4182; x_wconf 89' lang='lat' dir='ltr'>est.</span> <span class='ocrx_word' id='word_1_460' title='bbox 1252 4122 1442 4199; x_wconf 88' lang='lat' dir='ltr'>Quamquam</span> 
     </span>
    </p>
   </div>
   <div class='ocr_carea' id='block_1_4' title="bbox 292 4293 1443 4620">
    <p class='ocr_par' dir='ltr' id='par_1_4' title="bbox 292 4293 1443 4488">
     <span class='ocr_line' id='line_1_46' title="bbox 325 4293 1443 4358; baseline 0.003 -17"><span class='ocrx_word' id='word_1_461' title='bbox 325 4296 340 4332; x_wconf 79' lang='grc'>*</span> <span class='ocrx_word' id='word_1_462' title='bbox 356 4293 485 4341; x_wconf 85' lang='lat' dir='ltr'>Peculiares</span> <span class='ocrx_word' id='word_1_463' title='bbox 495 4294 584 4342; x_wconf 88' lang='lat' dir='ltr'>libellos</span> <span class='ocrx_word' id='word_1_464' title='bbox 595 4295 730 4356; x_wconf 82' lang='lat' dir='ltr'>scripserunt</span> <span class='ocrx_word' id='word_1_465' title='bbox 741 4295 770 4343; x_wconf 87' lang='lat' dir='ltr'>de</span> <span class='ocrx_word' id='word_1_466' title='bbox 784 4296 852 4343; x_wconf 89' lang='lat' dir='ltr'>exilio</span> <span class='ocrx_word' id='word_1_467' title='bbox 864 4295 942 4344; x_wconf 91' lang='lat' dir='ltr'>Ouidii</span> <span class='ocrx_word' id='word_1_468' title='bbox 955 4295 1058 4344; x_wconf 83' lang='lat' dir='ltr'>Thomas</span> <span class='ocrx_word' id='word_1_469' title='bbox 1070 4297 1134 4358; x_wconf 88' lang='lat' dir='ltr'>Dyer</span> <span class='ocrx_word' id='word_1_470' title='bbox 1147 4297 1183 4344; x_wconf 81' lang='lat' dir='ltr'>On</span> <span class='ocrx_word' id='word_1_471' title='bbox 1198 4296 1236 4345; x_wconf 81' lang='lat' dir='ltr'>the</span> <span class='ocrx_word' id='word_1_472' title='bbox 1247 4311 1314 4343; x_wconf 82' lang='lat' dir='ltr'>causa</span> <span class='ocrx_word' id='word_1_473' title='bbox 1325 4297 1355 4357; x_wconf 88' lang='lat' dir='ltr'>os</span> <span class='ocrx_word' id='word_1_474' title='bbox 1363 4294 1443 4344; x_wconf 80' lang='lat' dir='ltr'>Ovid&#39;a</span> 
     </span>
     <span class='ocr_line' id='line_1_47' title="bbox 292 4360 1441 4424; baseline -0.002 -14"><span class='ocrx_word' id='word_1_475' title='bbox 292 4360 363 4410; x_wconf 75' lang='lat' dir='ltr'>Exile</span> <span class='ocrx_word' id='word_1_476' title='bbox 378 4361 403 4406; x_wconf 90' lang='lat' dir='ltr'>in</span> <span class='ocrx_word' id='word_1_477' title='bbox 419 4360 495 4406; x_wconf 85' lang='lat' dir='ltr'>Musei</span> <span class='ocrx_word' id='word_1_478' title='bbox 512 4360 597 4407; x_wconf 84' lang='lat' dir='ltr'>classici</span> <span class='ocrx_word' id='word_1_479' title='bbox 615 4360 686 4408; x_wconf 89' lang='lat' dir='ltr'>Tom.</span> <span class='ocrx_word' id='word_1_480' title='bbox 699 4361 728 4408; x_wconf 88' lang='lat' dir='ltr'>iv.</span> <span class='ocrx_word' id='word_1_481' title='bbox 740 4376 778 4421; x_wconf 90' lang='lat' dir='ltr'>pp.</span> <span class='ocrx_word' id='word_1_482' title='bbox 793 4370 913 4424; x_wconf 80' lang='lat'>224-247,</span> <span class='ocrx_word' id='word_1_483' title='bbox 930 4370 954 4409; x_wconf 85' lang='lat' dir='ltr'>et</span> <span class='ocrx_word' id='word_1_484' title='bbox 971 4363 1001 4410; x_wconf 88' lang='lat' dir='ltr'>A.</span> <span class='ocrx_word' id='word_1_485' title='bbox 1013 4362 1103 4409; x_wconf 85' lang='lat' dir='ltr'>Deville</span> <span class='ocrx_word' id='word_1_486' title='bbox 1117 4361 1180 4409; x_wconf 82' lang='lat' dir='ltr'>Essai</span> <span class='ocrx_word' id='word_1_487' title='bbox 1197 4377 1234 4408; x_wconf 84' lang='lat' dir='ltr'>rur</span> <span class='ocrx_word' id='word_1_488' title='bbox 1251 4360 1317 4409; x_wconf 87' lang='lat' dir='ltr'>l&#39;Exil</span> <span class='ocrx_word' id='word_1_489' title='bbox 1333 4362 1441 4421; x_wconf 83' lang='lat' dir='ltr'>d’Ovide,</span> 
     </span>
     <span class='ocr_line' id='line_1_48' title="bbox 292 4425 1441 4488; baseline 0.002 -14"><span class='ocrx_word' id='word_1_490' title='bbox 292 4426 357 4474; x_wconf 79' lang='lat' dir='ltr'>Paria</span> <span class='ocrx_word' id='word_1_491' title='bbox 371 4426 443 4488; x_wconf 86' lang='lat'>1859.¹</span> <span class='ocrx_word' id='word_1_492' title='bbox 473 4425 511 4474; x_wconf 82' lang='lat' dir='ltr'>cf.</span> <span class='ocrx_word' id='word_1_493' title='bbox 523 4425 636 4473; x_wconf 84' lang='lat' dir='ltr'>Merivale</span> <span class='ocrx_word' id='word_1_494' title='bbox 648 4427 708 4474; x_wconf 85' lang='lat' dir='ltr'>Hist.</span> <span class='ocrx_word' id='word_1_495' title='bbox 720 4425 749 4473; x_wconf 83' lang='lat' dir='ltr'>of</span> <span class='ocrx_word' id='word_1_496' title='bbox 757 4428 797 4475; x_wconf 84' lang='lat' dir='ltr'>the</span> <span class='ocrx_word' id='word_1_497' title='bbox 809 4429 912 4475; x_wconf 84' lang='lat' dir='ltr'>Romans</span> <span class='ocrx_word' id='word_1_498' title='bbox 924 4429 995 4474; x_wconf 91' lang='lat' dir='ltr'>under</span> <span class='ocrx_word' id='word_1_499' title='bbox 1007 4428 1046 4474; x_wconf 87' lang='lat' dir='ltr'>the</span> <span class='ocrx_word' id='word_1_500' title='bbox 1057 4428 1149 4488; x_wconf 86' lang='lat' dir='ltr'>Empire</span> <span class='ocrx_word' id='word_1_501' title='bbox 1160 4429 1190 4476; x_wconf 83' lang='lat' dir='ltr'>iv.</span> <span class='ocrx_word' id='word_1_502' title='bbox 1204 4439 1325 4488; x_wconf 74' lang='lat'>331-333„</span> <span class='ocrx_word' id='word_1_503' title='bbox 1337 4429 1373 4475; x_wconf 86' lang='lat' dir='ltr'>ed.</span> <span class='ocrx_word' id='word_1_504' title='bbox 1384 4428 1441 4476; x_wconf 88' lang='lat' dir='ltr'>min.</span> 
     </span>
    </p>

    <p class='ocr_par' dir='ltr' id='par_1_5' title="bbox 293 4490 1442 4620">
     <span class='ocr_line' id='line_1_49' title="bbox 325 4490 1442 4556; baseline 0.003 -20"><span class='ocrx_word' id='word_1_505' title='bbox 325 4491 344 4549; x_wconf 90' lang='lat'><strong>†</strong></span> <span class='ocrx_word' id='word_1_506' title='bbox 362 4491 480 4552; x_wconf 80' lang='lat' dir='ltr'>Appianas</span> <span class='ocrx_word' id='word_1_507' title='bbox 491 4490 561 4537; x_wconf 84' lang='lat' dir='ltr'>tradit</span> <span class='ocrx_word' id='word_1_508' title='bbox 572 4490 595 4536; x_wconf 89' lang='lat' dir='ltr'>in</span> <span class='ocrx_word' id='word_1_509' title='bbox 607 4491 670 4538; x_wconf 84' lang='lat' dir='ltr'>Bello</span> <span class='ocrx_word' id='word_1_510' title='bbox 682 4492 749 4539; x_wconf 90' lang='lat' dir='ltr'>Ciuili</span> <span class='ocrx_word' id='word_1_511' title='bbox 760 4493 879 4541; x_wconf 82' lang='lat' dir='ltr'>Volusium</span> <span class='ocrx_word' id='word_1_512' title='bbox 891 4494 1006 4556; x_wconf 82' lang='lat' dir='ltr'>quendam</span> <span class='ocrx_word' id='word_1_513' title='bbox 1019 4493 1084 4540; x_wconf 84' lang='lat' dir='ltr'>isiaci</span> <span class='ocrx_word' id='word_1_514' title='bbox 1096 4493 1156 4540; x_wconf 84' lang='lat' dir='ltr'>linea</span> <span class='ocrx_word' id='word_1_515' title='bbox 1168 4494 1225 4540; x_wconf 88' lang='lat' dir='ltr'>stola</span> <span class='ocrx_word' id='word_1_516' title='bbox 1237 4501 1261 4540; x_wconf 88' lang='lat' dir='ltr'>et</span> <span class='ocrx_word' id='word_1_517' title='bbox 1272 4495 1355 4540; x_wconf 87' lang='lat' dir='ltr'>canino</span> <span class='ocrx_word' id='word_1_518' title='bbox 1367 4494 1442 4554; x_wconf 82' lang='lat' dir='ltr'>capite</span> 
     </span>
     <span class='ocr_line' id='line_1_50' title="bbox 293 4555 703 4620; baseline -0.01 -15"><span class='ocrx_word' id='word_1_519' title='bbox 293 4557 401 4605; x_wconf 90' lang='lat' dir='ltr'>indutum</span> <span class='ocrx_word' id='word_1_520' title='bbox 413 4555 518 4619; x_wconf 76' lang='lat' dir='ltr'>effugisse</span> <span class='ocrx_word' id='word_1_521' title='bbox 528 4555 567 4620; x_wconf 85' lang='grc' dir='ltr'>(Β.</span> <span class='ocrx_word' id='word_1_522' title='bbox 576 4557 604 4607; x_wconf 84' lang='lat' dir='ltr'>C.</span> <span class='ocrx_word' id='word_1_523' title='bbox 613 4556 643 4602; x_wconf 85' lang='lat' dir='ltr'>iv.</span> <span class='ocrx_word' id='word_1_524' title='bbox 653 4556 703 4617; x_wconf 85' lang='lat'>47).</span> 
     </span>
    </p>
   </div>
   <div class='ocr_carea' id='block_1_5' title="bbox 0 0 1657 5214">
    <p class='ocr_par' dir='ltr' id='par_1_6' title="bbox 0 0 1657 5214">
     <span class='ocr_line' id='line_1_51' title="bbox 0 0 1657 5214; baseline 0 0"><span class='ocrx_word' id='word_1_525' title='bbox 0 0 1657 5214; x_wconf 95' lang='lat' dir='ltr'> </span> 
     </span>
    </p>
   </div>
  </div>
 </body>
</html>
