3312 5200
596 433 945 495 COMMENTARIVS.
1165 483 1167 488 .
1292 438 1347 494 127

136 591 146 605 ”
191 590 247 646 nisi
264 591 336 645 forte
351 589 499 660 respicitur
517 607 587 658 gens
605 590 684 659 regia
697 591 772 645 unde
787 591 904 645 Limone
922 599 984 645 orta
996 599 1057 644 est:
1078 600 1105 645 et
1124 589 1164 644 sic
1184 606 1252 644 sane
1271 589 1349 646 dicta

191 672 235 716 est
246 662 404 716 Erechthea
415 662 497 715 dama
510 663 541 715 F.
555 679 580 715 v.
595 676 654 727 204.
703 664 805 716 fertur
822 679 906 731 quem
923 662 961 715 ad
978 661 1095 715 modum
1114 660 1225 714 Troilus
1243 663 1313 715 Aen.
1329 661 1346 717 i.

190 734 245 799 476
266 734 377 786 Fertur
394 735 473 801 equis
493 749 635 802 annaque
655 731 752 787 ltaeret
771 735 923 802 resupinus
943 733 1034 786 anani.
1166 735 1236 786 338.
1253 739 1347 798 turpe

192 803 416 858 ‘dishonoured’
428 802 550 856 alarcila.
659 805 728 858 339.
746 808 884 858 Viscera.
917 805 983 857 Eur.
998 802 1100 856 Troad.
1115 817 1150 871 90
1164 804 1190 855 al
1205 803 1348 872 Καφήρειοί

190 873 213 928 τ’
232 875 307 942 ἄκραι
328 876 441 926 Πολλῶν
461 873 589 928 θανόντων
607 871 722 941 σώμαθ’
740 873 844 944 ἕξουσιν
859 878 962 945 νεκρῶν.
990 876 1068 938 figat
1085 874 1241 942 transfigat.
1272 877 1348 928 olim

192 945 261 998 dum
274 944 380 999 reditus
394 945 424 998 fit
437 962 455 998 a
468 943 553 998 Troia
566 942 724 998 Graiorum.
879 947 950 1000 340.
969 949 1028 999 sub
1041 953 1088 998 aut
1102 944 1139 998 ad
1152 943 1347 998 imminentem

193 1016 373 1083 Caphereum
386 1015 510 1082 refertur,
524 1024 571 1068 aut
585 1015 622 1068 ad
635 1016 725 1069 undas
739 1015 840 1086 quibus
856 1026 952 1070 cautes
965 1025 1105 1083 teguntur.
1142 1015 1222 1068 Prius
1237 1014 1349 1069 uidetur

191 1085 352 1154 significare
374 1087 484 1140 Seneca
504 1087 605 1152 Agam.
628 1087 749 1154 558-560
767 1087 823 1139 Est
842 1087 961 1140 laumr'lis
982 1087 1067 1153 unda,
1086 1087 1210 1155 scrupeis
1228 1087 1351 1140 mendax

191 1158 284 1224 uades,
308 1157 360 1210 Vbi
380 1173 451 1210 sara
472 1157 583 1226 rapidis
606 1158 685 1210 clusa
707 1157 857 1211 uerticibus
875 1159 959 1227 tegit
975 1158 1086 1210 Fallax
1105 1157 1292 1226 Caphereus.
1315 1197 1347 1211 ..

192 1227 263 1280 Aru
272 1228 402 1280 imminet
408 1231 517 1296 praeru
538 1233 575 1280 ta.
615 1228 682 1280 Non
699 1238 742 1282 est
760 1227 801 1281 ‘at
817 1229 865 1282 the
881 1229 991 1283 bottom
1011 1227 1043 1280 ol
1058 1228 1106 1281 the
1124 1228 1262 1281 Euboean
1275 1228 1349 1296 gull’

191 1297 233 1350 uti
256 1297 339 1352 vertit
362 1299 462 1366 Henry
483 1315 501 1351 a
542 1299 612 1351 Aen.
635 1297 653 1350 i.
674 1299 716 1363 48.
753 1301 900 1353 Euboico.
938 1299 1101 1368 Caphereus
1122 1298 1347 1367 promunturium

192 1369 330 1422 Euboeae
349 1368 387 1421 ad
405 1367 560 1422 meridiem.
581 1369 648 1422 Mel.
671 1368 697 1422 ii.
718 1382 773 1435 107.
813 1369 861 1424 Sic
883 1369 968 1424 Trist.
990 1369 1006 1423 i.
1031 1384 1051 1422 1.
1074 1370 1116 1438 84,
1139 1387 1164 1423 v.
1186 1381 1210 1434 7.
1232 1381 1274 1437 35,
1298 1369 1347 1423 Sil.

191 1438 245 1492 xiv.
264 1453 320 1505 144.
359 1442 456 1494 Graia
468 1438 625 1492 Graiorum.
664 1443 736 1493 sinu
752 1442 817 1493 Tro.
831 1441 864 1509 85
879 1443 966 1493 κοῖλον
979 1439 1089 1503 Εὐβοίας
1101 1441 1191 1509 μυχόν.
1281 1442 1348 1493 341.

191 1513 282 1563 ferox
303 1515 412 1574 raptor
426 1509 500 1563 Aiax
518 1509 615 1563 Oileus
635 1509 682 1579 qui
700 1528 719 1564 a
738 1512 851 1592 uirgzne
869 1509 1008 1579 (Pallade)
1029 1512 1143 1580 uirgine
1161 1509 1347 1579 (Cassandra)

192 1583 280 1649 rapta
300 1580 382 1648 (Met.
404 1580 458 1634 xiv.
477 1579 541 1648 468)
563 1597 686 1649 poenam
708 1581 758 1634 luit
781 1592 853 1635 ictus
877 1580 1001 1648 fulmine,
1021 1598 1088 1634 mox
1108 1597 1216 1634 mersus
1237 1581 1346 1649 pelago.

192 1657 225 1706 et
236 1653 370 1706 fulmim
382 1657 413 1706 et
425 1667 558 1716 aequore
576 1652 642 1705 Sen.
657 1652 736 1705 Med.
748 1652 803 1705 660
814 1653 948 1706 Fulmine
963 1658 991 1706 et
1001 1655 1090 1721 panta
1106 1653 1228 1705 manens
1243 1651 1345 1705 Oileus.

192 1723 264 1777 Aen.
284 1722 301 1776 i.
318 1736 362 1790 44,
375 1735 417 1791 45.
518 1725 588 1776 342.
606 1725 736 1777 adiuuet
756 1727 841 1788 ignis
862 1739 961 1787 aquas
981 1725 1032 1791 Ag.
1054 1723 1107 1791 650
1125 1724 1280 1788 Συνῶμοσαν
1297 1723 1348 1791 γὰρ

192 1791 266 1848 όντες
283 1793 402 1862 ἔχθιστοι
423 1794 453 1846 τὸ
471 1793 532 1863 πρὶν
549 1797 608 1862 Πῦρ
626 1794 666 1846 καὶ
685 1793 817 1848 θάλασσα.
865 1794 967 1848 Milton
988 1795 1017 1846 P.
1042 1795 1075 1848 R.
1099 1792 1133 1847 iv.
1152 1807 1204 1858 412
1231 1792 1347 1848 ‘Fierce

192 1863 255 1917 rain
278 1863 344 1916 with
365 1862 505 1932 lightning
525 1862 603 1932 mixt,
625 1874 711 1918 water
732 1863 798 1918 with
821 1865 870 1918 lire
894 1866 927 1917 ln
947 1864 1026 1918 ruine
1048 1863 1233 1917 reconcild.'¹
1278 1866 1348 1918 ³43.

192 1949 305 1988 uecors
326 1937 463 1999 agitetur
482 1951 581 1989 uecors
604 1935 652 1988 liat
674 1945 702 1989 et
725 1935 852 2004 agitetur.
934 1939 1003 1989 ³44.
1022 1938 1132 1989 Vnum
1152 1938 1214 1998 qui
1253 1935 1347 1989 Schol.

193 2004 230 2058 de
257 2007 374 2072 Marsya
398 2005 444 2058 uel
473 2006 599 2060 Pentheo
627 2005 781 2060 intellexit:
810 2023 877 2060 nam
904 2008 1036 2074 Marsyae
1060 2008 1134 2060 cutis
1159 2011 1201 2059 est
1225 2022 1349 2058 summas

192 2076 306 2145 derepta
313 2080 370 2145 per
379 2081 469 2143 artus,
481 2077 542 2129 Nec
552 2077 702 2146 quicquam
715 2079 775 2130 nisi
787 2079 894 2131 uulnus
910 2083 973 2131 erat
986 2077 1038 2144 (M.
1052 2076 1088 2131 vi.
1102 2077 1164 2145 388)
1177 2095 1183 2129 :
1205 2077 1348 2130 Pentheus

192 2152 297 2199 trunca
314 2147 435 2200 ostendit
450 2147 561 2202 deiectis
577 2151 695 2217 corpora
713 2148 843 2201 membris
863 2150 902 2201 M.
916 2147 952 2202 iii.
968 2161 1027 2214 724.
1066 2148 1124 2201 Sed
1141 2147 1244 2201 rectius
1262 2148 1348 2201 Ianus

194 2215 361 2270 Parrhasius
376 2217 467 2286 Epist.
484 2231 519 2283 44
538 2217 736 2286 interpretatus
756 2228 798 2272 est
818 2218 853 2272 de
869 2217 956 2272 Aiace
976 2218 1038 2288 ‘qui
1058 2219 1130 2271 ferro
1145 2217 1246 2271 dicitur
1260 2217 1347 2272 fuisse

193 2286 417 2356 impenetrabilis
436 2298 547 2357 praeter
565 2288 708 2343 sinistrum
725 2290 799 2343 latus
818 2290 894 2358 quod
911 2289 1023 2343 obiecto
1042 2290 1142 2358 clypeo
1160 2288 1282 2356 tegebat,
1303 2289 1348 2342 uel

193 2368 224 2411 ut
243 2357 291 2410 alii
310 2358 424 2420 tradunt
446 2359 588 2428 iugulum!
633 2361 707 2413 Rem
729 2370 823 2414 narrat
845 2359 983 2413 Pindarus
1008 2361 1105 2413 Isthm.
1128 2378 1146 2412 v
1166 2359 1216 2426 (vi)
1251 2370 1347 2427 35-54‚

194 2427 242 2482 ubi
267 2428 335 2482 dicit
356 2430 518 2498 Herculem,
538 2447 555 2484 a
574 2431 729 2484 Telamone
752 2430 901 2485 inuitatum
922 2430 1039 2499 poculis,
1059 2446 1155 2483 orasse
1177 2439 1207 2483 ut
1228 2429 1294 2482 huic
1313 2447 1347 2482 ex

194 2499 315 2568 coniuge
334 2499 458 2554 Eriboea
477 2500 548 2554 filius
567 2502 647 2569 foret,
666 2518 783 2570 corpore
805 2511 864 2554 tam
883 2500 1089 2569 impenetrabili
1110 2498 1248 2570 (ἅῤῥηκτον
1265 2501 1348 2568 φυὰν)

193 2587 280 2639 quam
300 2581 375 2625 esset
394 2571 483 2625 leonis
498 2571 579 2641 pellis
593 2589 678 2641 quam
696 2571 757 2641 ipse
776 2581 893 2640 gereret.
932 2573 996 2640 Lyc.
1011 2583 1134 2640 454-459
1147 2571 1182 2624 de
1195 2569 1283 2624 Aiace
1296 2574 1347 2623 Τοῦ

193 2639 301 2695 λύσσαν
319 2641 347 2693 ε’ν
363 2641 502 2710 ποίμνῃσιν
519 2641 689 2712 αἶχματηρίαν
706 2641 826 2709 Χέαντος,
845 2641 874 2695 ὃν
892 2643 1013 2712 Χάρωνος
1030 2643 1152 2710 ὠμηστοῦ
1171 2641 1234 2710 δορὰ
1253 2642 1346 2711 Χαλκῷ

192 2713 303 2782 πορητὸν
320 2712 365 2765 οὐκ
387 2713 488 2779 ἔτευξεν
505 2713 533 2766 ἐν
553 2715 632 2782 μάχῃ,
652 2713 731 2767 Μίαν
754 2715 829 2783 πρὸς
846 2711 922 2782 ᾅδην
945 2712 994 2765 καὶ
1018 2712 1151 2780 φθιτοὺς
1174 2711 1348 2779 πεπαμένον
1377 2747 1380 2754 ,

193 2782 357 2849 Κέλευθον,
373 2783 422 2837 ubi
435 2786 549 2838 Tzetzes
562 2784 710 2852 Αὗξηθέντα
722 2783 750 2838 δὲ
762 2784 794 2852 τῇ
806 2786 896 2852 λεοντῇ
909 2787 1002 2838 τοῦτον
1012 2781 1144 2850 Ἡρακλῆς
1156 2782 1286 2836 ε’σκέπασε
1306 2783 1346 2836 καὶ

193 2851 362 2924 ταύτηναῦτῴ
370 2854 521 2923 ἐχαρίσατο·
535 2853 614 2924 ὑφ’ἦς
622 2857 784 2923 σκεπόμενος,
793 2856 827 2911 ὡς
833 2858 967 2923 ληροῦσιν,
976 2854 1089 2924 ἄτρωτος
1096 2852 1207 2921 tymantis
1214 2855 1293 2920 μόνου
1300 2857 1347 2906 τοῦ

193 2926 285 2991 τόπου,
298 2926 361 2977 κατά
373 2946 451 2992 τινας,
463 2929 510 2979 τοῦ
523 2927 683 2995 σκεπομένου
695 2928 783 2995 πρώην
798 2927 848 2980 ὑπὸ
865 2930 911 2979 τοῦ
928 2928 1054 2994 γωρυτοῦ,
1068 2923 1111 2978 ὅτε
1123 2923 1217 2992 ταύτην
1229 2924 1347 2992 ε’φόρειό

193 2992 334 3064 Ἡρακλῆς·
354 2995 396 3049 ὅτε
415 2997 443 3049 δὲ
462 2999 476 3048 ό
495 2995 565 3063 Αἴας,
578 2996 628 3050 ὑπό
645 3001 691 3051 τοῦ
711 2998 813 3052 σάκους.
845 2993 944 3050 Ἀλλοι
965 2996 994 3049 δέ
1011 2998 1096 3065 φασιν
1117 2996 1174 3065 περὶ
1192 2995 1239 3060 τὴν
1257 2995 1346 3048 κλεῖδα

193 3071 293 3135 πρῶτον
311 3060 373 3120 εἶναι
391 3065 556 3122 τὸν,Αἰἀντα.
603 3068 766 3122 Secundum
784 3069 957 3136 Aeschylum
979 3068 1027 3121 ala
1048 3076 1159 3121 tantum
1178 3067 1278 3120 uulnus
1297 3066 1361 3120 ad-'

193 3137 334 3207 mittebat,
355 3147 428 3192 teste
451 3139 544 3193 Schol.
563 3141 634 3193 Vcn.
656 3140 687 3192 Il.
707 3139 760 3193 xiv.
780 3154 841 3205 404
879 3139 952 3192 Vide
973 3137 1147 3193 Lobeckium
1166 3137 1203 3191 ad
1221 3137 1265 3190 Ai.
1286 3138 1345 3204 834.

194 3211 313 3261 uulnus
334 3225 385 3277 pro
406 3209 470 3262 loco
494 3210 617 3264 uulneris
640 3209 674 3263 ‘a
695 3211 857 3265 vulnerable
879 3209 975 3279 point!
1022 3211 1087 3262 Non
1110 3207 1258 3263 dissimilia
1281 3218 1346 3262 sunt

195 3279 279 3347 Prop.
293 3278 319 3332 ii.
335 3293 375 3333 22.
391 3291 406 3344 7
425 3287 568 3348 quaerunt
582 3280 638 3334 sibi
652 3282 759 3334 uulnus
771 3282 852 3335 ocelli
862 3282 888 3335 h.
900 3299 924 3336 e.
938 3280 1013 3334 unde
1026 3281 1214 3347 uulnerentur,
1230 3281 1294 3333 Luc.
1310 3279 1345 3333 iv.

188 3349 247 3414 ,764
260 3348 350 3402 ablata
364 3351 480 3404 uulnere
492 3351 552 3406 he.
566 3352 634 3405 data
644 3351 777 3405 facultate
790 3351 965 3406 uulnerandi.
1003 3351 1061 3406 Sed
1074 3353 1181 3404 uulnus
1192 3350 1290 3403 labere
1301 3367 1346 3418 ap.

195 3419 332 3473 Ouidium
344 3419 415 3474 alias
428 3431 471 3474 est
486 3421 634 3476 uulnerari.
706 3425 803 3476 habet
815 3432 845 3476 ut
858 3437 909 3489 312
923 3423 1001 3476 dere
1014 3422 1166 3491 praeterita
1179 3421 1257 3474 cuius
1271 3431 1347 3475 extat

194 3489 340 3545 memoria.
364 3491 411 3545 Sic
415 3493 518 3560 fertur
523 3493 582 3561 336.
619 3496 690 3546 345.
701 3496 915 3557 Dryantiadae
929 3494 1057 3561 Lycurgo
1073 3493 1104 3546 Il.
1113 3492 1147 3546 vi.
1161 3506 1212 3558 130
1218 3489 1349 3561 Δρύαντος

194 3562 248 3614 υἱός
256 3562 378 3629 κρατερός
387 3565 540 3632 Λυκόοργος.
568 3563 650 3616 Idem
660 3580 677 3616 a
688 3564 829 3632 Sophocle
839 3562 973 3632 Antig.95
978 3575 991 3630 5
1003 3572 1120 3617 uocatur
1127 3563 1208 3616 παῖςὸ
1218 3559 1347 3630 Δρύαντος

194 3628 316 3684 Ἠδωνῶν
328 3631 463 3695 βασιλεύς,
493 3637 678 3699 Rhodopeia
688 3651 794 3701 regna,
808 3634 842 3687 cs.
858 3635 926 3687 Her.
940 3649 965 3686 2.
982 3647 1039 3700 113.
1058 3635 1061 3642 '
1076 3632 1148 3685 Aiax
1160 3641 1188 3685 et
1202 3633 1346 3701 Lycurgus

194 3709 341 3782 tamquam
366 3704 403 3757 ob
428 3703 568 3759 insaniam
593 3722 624 3758 se
649 3705 702 3774 ipsi
734 3703 933 3758 interficientes
958 3703 1165 3772 coniunguntur
1193 3703 1279 3755 etiam
1309 3703 1345 3755 ab

196 3774 314 3841 Hygino
326 3787 386 3840 242.
423 3779 491 3830 846.
511 3778 585 3845 Hyg.
603 3791 651 3843 132
665 3776 812 3846 Lycurgus
823 3776 965 3842 Dryantis
974 3774 1060 3843 filius
1071 3773 1204 3826 Liberum
1215 3774 1249 3826 de
1261 3789 1347 3842 regna

185 3843 317 3912 fugauit.
340 3863 422 3914 quem
434 3864 497 3900 cum
509 3853 625 3917 negaret
635 3848 718 3900 deum
730 3864 786 3900 esse
798 3847 953 3914 uinumqne
965 3846 1074 3899 delesset
1084 3849 1112 3898 et
1122 3843 1216 3896 ebrius
1227 3850 1346 3896 matrem

194 3931 277 3967 suam
290 3915 400 3970 auclara
415 3918 556 3985 ualuisset,
569 3923 638 3972 tunc
649 3920 722 3971 ua'tes
735 3917 858 3971 excellere
874 3921 915 3970 est
930 3921 1053 3982 cenatus,
1066 3914 1144 3984 quod
1155 3915 1257 3967 diceret
1273 3913 1351 3966 illud

194 3985 304 4038 malum
325 3988 555 4042 medicamentum
578 4006 642 4057 esse,
663 3988 741 4058 quad
762 3993 864 4041 mentes
885 3988 1058 4040 immutaret.
1099 3987 1152 4054 qui
1173 3985 1288 4037 insania
1312 3984 1347 4036 ab

195 4055 295 4110 Libera
315 4058 417 4112 obiecta
438 4076 552 4112 uxorem
573 4077 654 4112 suam
674 4064 702 4112 et
711 4059 812 4128 filium
833 4059 979 4126 interfecit.
1017 4059 1164 4126 ipsumque
1183 4056 1347 4125 Lycurgum

189 4126 342 4196 pantheras
355 4127 459 4183 'abiecit
476 4129 508 4182 in
522 4130 693 4200 Rhodope,
712 4131 765 4199 qui
780 4147 860 4182 mam
877 4134 918 4183 est
937 4128 1080 4196 Thraciae,
1096 4129 1177 4181 cuius
1195 4127 1347 4195 imperium

195 4196 302 4252 habaet.
334 4199 389 4253 hic
405 4200 553 4255 traditur
565 4218 662 4254 unum
676 4201 795 4270 pedem
813 4199 877 4253 sibi
890 4216 948 4269 pro
962 4199 1086 4252 uitibus
1100 4197 1275 4250 excidisse.
1305 4197 1347 4251 Cf.

197 4267 277 4321 Seru.
290 4269 328 4322 ad
340 4271 410 4325 Aen.
425 4271 463 4326 iii.
480 4286 519 4338 14,
531 4272 629 4334 Schol.
643 4273 708 4326 Luc.
723 4271 741 4325 i.
756 4283 815 4339 575,
828 4270 865 4324 iii.
879 4285 940 4338 431.
979 4268 1064 4335 Hinc,
1077 4268 1153 4338 quod
1166 4268 1253 4321 altero
1267 4284 1347 4321 crure

195 4349 342 4406 amputato
355 4342 444 4395 altero
456 4351 567 4395 tantum
576 4342 721 4411 crepidam
733 4351 850 4410 gereret,
864 4339 1038 4410 μονοκρηπῐδα
1050 4338 1156 4392 dictum
1168 4338 1255 4392 fuisse
1267 4347 1348 4407 putat

197 4409 272 4464 Salu.
287 4410 316 4464 in
330 4411 533 4480 epigrammate
551 4413 741 4482 Anthologiae
753 4412 806 4466 xvi.
824 4425 872 4478 127
886 4412 1023 4465 Duebner
1035 4411 1079 4464 Τίς
1096 4411 1141 4463 τὸν
1159 4409 1255 4477 θρὴῖκα
1274 4409 1349 4463 τόνδε

194 4482 369 4550 μονοκρηπῑδα
381 4487 531 4552 Λυκοῦργον
551 4485 666 4537 Χόλκεον
686 4483 808 4536 Ἠδωνῶν
826 4484 906 4552 ταγὸν
926 4482 1106 4546 ἀνεπλόσατα;
1126 4480 1267 4549 Βοκχιακὸν
1286 4481 1350 4533 κατὰ

195 4549 309 4619 πρέμνον
320 4551 353 4608 ἴδ’
362 4553 396 4608 ὣς
404 4553 523 4624 ἀγέρωχα
532 4555 646 4624 μεμηνὼς
659 4555 753 4624 Βριόὺν
764 4554 829 4623 ὑπὲρ
842 4555 957 4623 κεφαλᾶς
967 4553 1101 4608 ἀντέτακεν
1112 4553 1223 4622 χόλοβα.
1254 4550 1351 4605 naula
