3294 5214
489 547 492 553 ,
605 479 931 542 PROLEGOMENA.
1317 475 1348 542 lv

182 636 294 708 untione}
319 653 376 710 ²93
400 636 499 706 uictus,
523 654 582 712 334
605 639 782 712 endeumrnm
806 649 873 715 post
894 642 953 714 338
976 647 1054 698 caret
1075 636 1199 700 disticho
1221 635 1346 714 Denique

195 717 473 776 Sarmaticas-Hes
485 727 592 791 precor,
614 722 671 793 366
686 719 875 796 Membraque,
897 725 955 795 385
970 731 1077 796 rapax,
1098 739 1158 796 430
1171 722 1345 792 consternato}

195 817 255 874 443
278 801 428 871 aeramine,
452 813 508 874 472
533 799 575 872 Vt,
598 816 653 875 501
673 804 795 877 proprie.
841 802 964 879 Saepius
984 810 1083 862 tamen
1104 821 1172 862 cum
1193 802 1216 860 P
1238 813 1288 862 aut
1307 795 1345 872 X,

81 929 85 937 ,
194 898 419 956 nonnumquam
434 899 502 940 eum
517 881 583 940 Vat.
598 884 747 958 conspirat
761 893 862 943 contra
877 884 914 944 G.
956 883 1064 944 Hisin
1083 883 1155 944 locis
1173 883 1346 960 plerumque

193 962 316 1038 praetuli
329 979 506 1020 consensum
520 963 653 1039 plurium.

236 1042 268 1101 P.
311 1044 503 1120 Pbille'ppicns
520 1047 606 1119 1796,
622 1063 696 1104 saec.
711 1044 761 1104 xiii
778 1045 825 1105 uel
842 1045 898 1104 xiv.
941 1045 1022 1105 Inter
1042 1045 1170 1124 optimos
1190 1055 1234 1106 est
1255 1056 1288 1105 ut
1308 1063 1346 1106 ex

196 1139 254 1198 51²
271 1134 391 1201 apparet
405 1125 455 1183 ubi
469 1125 612 1202 leotrepido
626 1128 747 1203 propius
764 1126 802 1185 ad
820 1143 922 1186 uerum
943 1128 1055 1187 accedit
1069 1146 1158 1204 quam
1172 1128 1294 1203 leotepide
1307 1125 1345 1200 X,

194 1207 308 1265 licorieie
319 1205 347 1263 T
359 1214 387 1264 et
400 1207 613 1284 plerorumque,
631 1211 689 1282 380
703 1207 774 1266 dees!
785 1227 840 1284 pro
854 1211 898 1267 dee
910 1216 956 1280 est,
975 1225 1030 1269 101
1046 1209 1251 1286 hominibusque
1264 1207 1347 1286 quod

195 1287 352 1364 antiquitus
366 1289 503 1346 traditum
517 1288 613 1348 habeo
627 1307 681 1365 pro
697 1290 843 1348 usitatiore
858 1290 952 1349 forma
963 1289 1117 1362 Ominibus,
1134 1294 1186 1350 181
1200 1291 1350 1366 quidiste!

194 1387 319 1426 summm
337 1368 372 1427 ab
391 1371 453 1441 emo,
472 1386 527 1444 193
543 1369 604 1428 Hie
621 1372 718 1430 enitet
737 1371 786 1430 ubi
807 1389 874 1430 cum
890 1370 948 1430 GX
962 1372 1106 1431 consentit
1127 1382 1230 1432 eontra
1243 1371 1271 1430 T
1286 1371 1347 1430 Hic

194 1457 222 1508 el
237 1452 300 1521 erit,
319 1465 375 1526 259
392 1451 581 1527 trepidumque
600 1453 650 1511 ubi
671 1470 738 1511 cum
753 1452 781 1510 T
801 1453 946 1512 consentit
966 1464 1069 1512 contra
1087 1454 1260 1530 trepidusque
1281 1454 1347 1513 reli-

195 1549 330 1609 quorum,
352 1550 407 1606 391
426 1531 488 1590 Sex
508 1540 546 1605 ul,
561 1533 589 1590 X
605 1533 702 1592 Sexus
721 1540 759 1606 ut,
774 1533 819 1592 Et
834 1535 911 1593 uelut
930 1534 998 1604 GT,
1020 1534 1083 1595 Sex
1102 1535 1144 1594 bis
1163 1540 1195 1592 ui
1211 1535 1346 1604 Ouidius,

196 1627 256 1689 559
271 1615 347 1672 annii
358 1614 437 1672 solus
451 1625 538 1684 recte,
549 1618 642 1673 anemo
656 1615 723 1685 TX,
734 1615 822 1673 ueluti
835 1614 871 1674 G.
914 1616 1028 1675 Primus
1040 1615 1212 1675 Cheltoniae
1227 1615 1344 1675 contuli.

236 1695 274 1754 X.
316 1695 474 1753 Parisinus
491 1709 579 1771 7994.
623 1695 704 1756 Sacc.
719 1697 776 1755 xiii.
819 1696 937 1756 Contuli
951 1698 1075 1757 Parisiis.

237 1776 295 1836 His
313 1787 449 1854 quattuor
467 1778 617 1837 codicibus
635 1788 665 1836 et
679 1777 808 1838 Conradi
826 1780 970 1856 excerptis
992 1779 1083 1838 ibidis
1102 1787 1197 1838 textus
1218 1778 1346 1837 maxime

196 1861 301 1930 nititur,
319 1859 370 1917 sed
390 1859 430 1916 ita
450 1869 482 1916 ut
502 1859 613 1935 primus
634 1860 715 1920 locus
736 1860 819 1920 detur
839 1859 980 1931 Galeam,
1001 1861 1147 1920 secundus
1167 1860 1345 1920 Turonensi

195 1942 348 2000 Praeterea
362 1939 492 1999 subsidio
506 1940 623 2000 luerunt

237 2022 274 2081 V.
323 2019 532 2081 Wndobomnsis
552 2026 621 2098 885,
642 2033 718 2083 saec.
733 2023 792 2083 xiii.
835 2023 925 2082 Hune
945 2021 1113 2094 Merkeliua
1131 2041 1168 2082 ex
1190 2021 1345 2083 collatione

196 2103 323 2163 Mauritii
337 2102 460 2179 Hauptii
480 2103 609 2163 exhibuit
630 2105 660 2163 in
680 2105 727 2164 ed.
746 2108 832 2182 1837.
875 2105 977 2182 Ipsum
994 2123 1056 2164 non
1074 2106 1143 2176 uidi,
1158 2123 1229 2165 usus
1247 2115 1346 2163 tamen

196 2204 262 2244 sum
284 2184 455 2262 apographo
484 2186 565 2262 quod
590 2197 694 2262 rogatu
719 2205 786 2246 meo
815 2187 1039 2247 exscribendum
1067 2189 1178 2246 curauit
1201 2186 1346 2263 Iosephus

194 2267 353 2344 Hauptius‚
368 2277 467 2326 custos
481 2266 679 2327 Bibliothecae
700 2267 847 2328 Palatinae
862 2267 1112 2329 vindobonensis.
1155 2268 1245 2328 Hune
1265 2267 1346 2326 Mer·

195 2348 288 2408 kelius
309 2349 405 2408 solum
426 2365 488 2407 non
508 2349 713 2426 interpolatum
734 2351 936 2427 optimumque
957 2367 993 2408 ex
1015 2352 1074 2410 suis
1095 2349 1212 2408 habuit:
1239 2349 1347 2409 nostris

195 2439 331 2508 quattuor
346 2429 459 2490 GTPX
472 2429 638 2490 inferiorem
652 2430 756 2490 habeo

236 2511 304 2571 Vat.
353 2509 504 2570 Vaticanus
521 2514 597 2570 1602
620 2513 697 2572 circa
717 2513 806 2571 finem
828 2513 952 2589 scriptus
972 2529 1048 2574 saec.
1062 2512 1118 2584 xiv,
1135 2520 1168 2570 ut
1188 2519 1307 2588 rogatus
1328 2529 1347 2570 a

196 2612 245 2652 me
271 2593 489 2654 Studemundus
513 2594 660 2653 iudicauit.
707 2593 811 2653 Habet
829 2595 946 2672 propria
968 2594 1012 2652 sui
1034 2593 1189 2668 quaedam,
1211 2609 1286 2669 quae
1309 2610 1347 2650 ex

195 2677 277 2735 bono
296 2674 398 2734 codice
415 2693 468 2750 per
482 2693 583 2734 casum
598 2675 723 2752 aliquem
737 2677 767 2733 in
782 2693 842 2734 non
857 2676 969 2734 bonum
984 2686 1178 2751 peruenerunt
1193 2693 1254 2749 310
1261 2673 1350 2750 piant

196 2776 232 2816 ex
244 2758 332 2832 ptiust,
349 2775 409 2833 390
423 2755 480 2815 Bis
498 2764 556 2816 acto
575 2758 599 2816 si
617 2757 709 2816 modo
724 2757 767 2815 bis
782 2775 819 2816 ex
836 2775 890 2832 391
909 2756 1058 2834 superfuit,
1074 2759 1132 2829 418
1151 2754 1257 2830 Quiqm
1270 2760 1346 2827 tenet,

83 2906 84 2910 7
197 2854 254 2913 512
278 2839 316 2896 leo
336 2839 447 2914 trepide,
472 2853 530 2919 559
548 2840 639 2897 uuicti
656 2838 737 2916 quod
758 2840 796 2898 ad
817 2841 891 2898 aue'ti
909 2839 1043 2914 proxime
1065 2838 1185 2899 accedit.
1227 2836 1347 2897 Contuli

197 2920 322 2979 Romae.
654 2939 657 2944 ·

237 3001 280 3060 M.
322 2999 508 3061 Mub'nensis.
554 3001 718 3061 Membran.
740 3020 815 3061 saec.
839 3021 884 3060 xv.
909 3001 1108 3061 Bibliothecae
1130 2999 1274 3073 Publicae,
1296 3000 1346 3060 ubi

196 3082 314 3152 contuli.
357 3081 413 3141 Cui
427 3083 588 3142 simillimus
603 3095 655 3154 est,
670 3085 804 3160 quamuis
819 3094 911 3143 aetate
926 3082 1086 3154 antecellat,

237 3164 277 3222 H.
321 3163 532 3223 Holkhamicus.
569 3164 768 3224 Bibliothecae
780 3164 902 3225 Comitis
917 3166 953 3224 de
965 3162 1131 3242 Leycestria
1144 3163 1174 3222 in
1188 3181 1260 3240 agro
1272 3161 1347 3222 Nor·

197 3245 336 3306 folciensi.
380 3245 461 3305 Saec.
476 3246 535 3305 xiii.
577 3246 653 3304 Eum
669 3246 707 3305 ad
721 3264 769 3305 me
783 3246 993 3306 humanissime
1007 3246 1166 3306 transmisit
1179 3246 1348 3306 Alexander

197 3327 318 3404 Napier‚
333 3337 432 3386 eustos
446 3328 645 3388 bibliothecae.

239 3409 279 3468 Hi
294 3408 354 3468 duo
366 3408 433 3467 HM
448 3408 521 3468 adeo
535 3410 610 3468 inter
624 3427 656 3468 se
670 3410 857 3472 consentiunt
870 3418 903 3469 ut
916 3429 952 3469 ex
966 3410 1116 3470 communi
1130 3408 1211 3469 fonte
1226 3407 1349 3469 deriuati

195 3490 357 3549 uideantur.

238 3571 333 3630 Parm.
375 3570 542 3632 Parmensis
563 3571 637 3630 HH.
657 3591 692 3631 x:
705 3585 752 3646 27,
773 3590 848 3632 saec.
862 3591 901 3632 xv
921 3573 1099 3633 chartaceus.
1143 3570 1282 3632 Continet
1303 3571 1348 3633 lb.

200 3666 307 3729 1-371.

238 3735 272 3794 F.
313 3734 564 3813 Framm'urtanus
590 3735 622 3794 in
646 3733 827 3794 Bibliotheca
854 3734 980 3813 publica.
1031 3734 1156 3794 Heinsio
1180 3733 1274 3794 iudice
1298 3752 1346 3810 ap.

198 3815 318 3876 Merkel.
335 3817 424 3876 Trist.
442 3817 535 3890 Prael.
550 3836 579 3894 p.
594 3818 663 3876 xxxi
684 3818 806 3894 scriptus
826 3830 870 3876 est
891 3817 967 3876 circa
981 3816 1070 3874 finem
1092 3833 1167 3875 saec.
1184 3817 1347 3887 1111100011-

198 3899 318 3958 tioribus
339 3909 367 3956 et
387 3899 488 3957 Riesio
508 3899 588 3958 uisus
609 3909 653 3958 est
673 3917 748 3958 saec.
770 3898 817 3956 xiv
838 3898 885 3956 uel
905 3917 951 3956 xv.
994 3896 1247 3973 ‘Interpolationis
1268 3895 1348 3955 haud

197 3979 370 4038 immunem'
386 3979 455 4039 dicit
467 3979 626 4039 Merkelius
635 3996 665 4057 p.
674 3980 763 4050 xxxii,
775 3980 825 4056 qui
839 3998 875 4039 eo
889 3996 959 4039 usus
973 3988 1017 4038 est
1031 3989 1060 4038 et
1073 3977 1103 4036 in
1113 3978 1200 4037 Trist.
1216 3987 1244 4036 et
1255 3976 1348 4038 Ibide.

198 4060 317 4121 Contuli
326 4060 507 4121 Francofurti
510 4081 519 4134 3
535 4061 572 4120 de
581 4061 727 4120 nonnullis
739 4062 775 4121 de
784 4062 889 4138 quibus
898 4061 1083 4136 ambigebam
1092 4068 1195 4136 postea
1203 4059 1348 4134 rescripsit

198 4142 237 4201 ad
251 4160 299 4201 me
314 4142 438 4215 Riesius,
454 4143 504 4220 qui
518 4153 547 4201 et
561 4144 624 4220 ipse
638 4161 707 4202 eum
721 4143 890 4204 adhibuerat
906 4144 937 4200 in
951 4141 997 4201 ed.
1012 4140 1111 4202 Ouidii
1122 4139 1346 4200 Tauchnitiana.

239 4223 355 4283 Praeter
377 4224 432 4283 hos
453 4225 484 4282 in
504 4243 559 4284 usu
580 4225 652 4283 mihi
673 4222 786 4284 fuerunt
805 4224 1023 4284 Cinonicianus
1043 4241 1088 4294 20,
1104 4222 1267 4298 Phillippici
1287 4222 1347 4282 duo

199 4307 291 4380 3360,
312 4308 420 4380 13610,
444 4306 540 4365 Musei
562 4306 720 4365 Britannici
741 4317 798 4366 tres
819 4306 901 4366 Harl.
924 4309 1136 4380 153811971,
1158 4304 1257 4364 Sloan.
1279 4317 1347 4380 777,

198 4386 385 4469 Laurentiani
406 4388 504 4446 xxxiii.
525 4407 573 4462 31,
596 4388 691 4447 xxxvi.
710 4407 748 4462 34
770 4405 846 4464 quos
871 4387 992 4446 contulit
1013 4404 1081 4445 meo
1102 4398 1205 4463 rogatu
1226 4384 1348 4445 Nicolas

198 4467 225 4526 d'
234 4468 368 4540 Anniani,
389 4468 524 4529 Vaticani
548 4469 622 4544 Reg.
640 4472 727 4539 1801,
749 4469 808 4528 Pal.
827 4483 903 4544 1709
925 4469 975 4545 qui
997 4469 1076 4527 solus
1098 4487 1209 4528 annum
1230 4476 1348 4527 testatur

200 4567 260 4626 quo
274 4551 398 4630 scriptus
412 4561 457 4610 est
473 4570 560 4625 1494,
575 4552 629 4609 sub
644 4550 816 4611 Pontificatu
829 4547 986 4610 Alexandri
1001 4549 1053 4608 VI.
1104 4613 1106 4617 ,
