3296 5210
691 453 917 515 EXCVRSVS.
1286 457 1342 514 181

189 610 213 664 εί
225 609 302 678 ξένον
318 612 504 668 ἀποκτενοῦσιν
519 612 616 668 ἀθλίως
633 609 700 666 οὕτω
718 613 873 679 τράποντο,
895 613 935 665 καὶ
954 611 1006 681 γὰρ
1025 608 1118 665 ίκέτευε
1136 610 1177 664 καὶ
1194 611 1284 665 πολλὰ
1301 610 1347 666 ἐπὶ

189 679 256 752 ἐλέῳ
267 683 367 754 ἔλεγεν,
379 682 487 736 ε’νέκειτο
504 685 739 754 παρακελευόμενος
756 684 810 737 τοῖς
825 681 961 752 Ἐφεσίοις
977 679 1084 749 ἐρείδειν
1099 702 1127 736 τε
1140 681 1227 749 καὶμὴ
1239 679 1345 736 ἀνιέναι.

189 753 225 807 ὡς
243 752 272 806 δέ
290 752 478 826 ἀκροβολισμῷ
495 775 562 809 τινες
578 752 617 808 ἔπ’
630 752 698 823 αύτῷ
716 750 871 822 ε’χρίησαντο,
891 753 931 806 rai
949 750 1084 819 καταμύειν
1102 752 1184 805 δοκῶν
1197 749 1346 821 ἀνέβλεψεν

190 821 294 893 ἀθρόον,
315 826 396 895 πυρός
419 845 448 878 τε
471 824 583 887 μεστούς
606 824 667 880 τοὺς
689 822 843 893 ὀφθαλμούς
867 822 957 890 ἔδειξε,
978 823 1088 890 ξυνῆκαν
1108 823 1133 875 ol
1153 820 1274 893 Ἐφέσιοι
1297 827 1345 877 τοῦ

190 893 312 960 δαίμονος
323 895 364 949 καί
376 891 552 949 κατελίθωσαν
563 892 643 950 οὕτως
655 895 741 961 αὐτόν,
753 893 788 948 ὧς
803 894 915 948 κολωνὸν
933 893 1015 948 λίθων
1028 893 1088 962 περὶ
1104 893 1181 947 αὐτόν
1196 895 1349 962 χώσασθαι.

191 963 318 1019 διαλιπὼν
335 965 365 1020 δέ
382 965 473 1036 ἀλίγον
491 963 628 1020 ἐκέλευσεν
645 964 755 1034 ἀφελεῖν
772 963 833 1019 τοὺς
850 965 940 1019 λίθους
958 965 999 1018 καὶ
1014 964 1044 1016 τό
1060 963 1149 1033 θηρίον
1161 962 1175 1016 δ
1187 963 1344 1018 ἀπεκτόνασι

190 1040 293 1104 γνῶναι.
342 1037 500 1100 υμνωθέντος
518 1034 626 1090 οὖντοῦ
646 1034 796 1102 βεβλῆσθαι
818 1035 955 1090 δοκοῦντος
971 1036 986 1086 ὁ
1004 1038 1052 1102 μὲν
1069 1031 1208 1104 ἠφάνιστο,
1230 1032 1296 1089 κύων
1315 1034 1345 1088 δέ

189 1106 221 1158 τὸ
242 1106 290 1173 μέν
309 1057 376 1162 eidos
396 1106 485 1175 ὅμοιος
504 1106 542 1177 τῷ
560 1106 589 1160 έκ
608 1109 760 1172 Μολοττῶν,
778 1103 885 1175 μέγεθος
906 1105 934 1159 δὲ
954 1107 1017 1158 κατὰ
1038 1106 1083 1159 τὸν
1105 1105 1231 1174 μέγιστον
1250 1105 1344 1160 λέοντα

191 1176 402 1247 ξυντετριμμένος
414 1175 490 1247 ὤφθη
502 1177 552 1231 ὑπὸ
564 1183 615 1230 τῶν
626 1177 707 1230 λίθων
719 1177 760 1228 καὶ
771 1173 929 1246 παραπτύων
939 1175 1033 1246 ἀφρόν,
1047 1176 1136 1244 ὥσπερ
1151 1176 1175 1229 oi
1193 1178 1347 1234 λυττῶντες.

192 1247 315 1317 Nempe,
333 1257 364 1302 ut
383 1247 445 1318 ipse
463 1264 514 1318 pro
533 1265 564 1302 se
582 1249 701 1317 loquens
720 1245 789 1301 dicit
807 1262 861 1314 340
877 1249 912 1300 Τὸ
930 1251 981 1300 τοῦ
995 1249 1090 1314 λοιμοῦ
1107 1241 1182 1310 εἶδος,
1199 1247 1296 1318 πτωχῷ
1314 1247 1344 1301 δὲ

189 1317 295 1388 γέροντι
307 1315 422 1379 εἴκαστο,
436 1320 485 1371 καὶ
496 1314 581 1371 εἶδον
593 1318 640 1370 καὶ
652 1317 725 1371 ίδὼν
737 1315 820 1371 είλον
832 1318 863 1370 οὐ
874 1316 977 1371 παύσας
988 1320 1068 1370 νόσον
1080 1316 1141 1369 ἀλλ’
1154 1317 1260 1383 ε’ξελών.

226 1389 272 1442 An
291 1389 443 1458 legendum
462 1398 506 1444 est
524 1388 664 1456 Abdira,
683 1405 768 1459 quem
786 1389 880 1443 locum
900 1388 1079 1442 Ptolemaeus
1099 1388 1187 1456 Geog.
1208 1387 1242 1442 iv.
1263 1403 1287 1456 3.
1308 1403 1345 1456 34

189 1475 248 1513 non
270 1459 354 1528 longe
375 1459 548 1528 Carthagine
566 1459 683 1513 statuit?
720 1460 798 1513 Nam
814 1458 838 1513 si
862 1458 921 1513 Ibis
941 1457 996 1525 ille,
1013 1457 1140 1528 quisquis
1160 1458 1219 1526 suit,
1239 1457 1268 1512 in
1287 1458 1343 1513 hoc

190 1529 254 1583 loco
272 1539 356 1584 natus
374 1540 427 1598 est,
439 1539 551 1600 poterat
564 1529 685 1584 Ouidius
704 1529 733 1583 id
752 1529 794 1583 sic
811 1545 1035 1583 commemorare
1053 1537 1084 1582 ut
1097 1527 1212 1595 diceret,
1224 1528 1345 1584 Vtinam

190 1598 241 1654 tibi
254 1600 331 1655 diras
350 1600 511 1670 inprecetur
522 1602 658 1682 oppedum
670 1602 752 1655 istud
765 1601 796 1654 in
813 1617 869 1669 quo
886 1601 979 1653 editus
994 1616 1043 1664 es;
1062 1600 1139 1669 quod
1156 1615 1220 1652 cum
1233 1599 1344 1654 Abdira

190 1680 348 1739 uocaretur,
360 1688 429 1726 uera
441 1671 564 1726 nominis
577 1670 746 1740 significatio
758 1669 872 1725 latitura
884 1679 953 1738 erat,
966 1687 1032 1724 cum
1048 1669 1180 1724 omnibus
1192 1668 1241 1723 illa
1253 1670 1345 1725 altera

189 1740 306 1796 Abdera
323 1741 419 1796 animo
438 1742 644 1797 obuersaretur.
682 1743 766 1797 Certe
782 1758 839 1795 non
853 1739 1031 1795 disconuenit
1044 1740 1074 1794 id
1086 1740 1164 1810 quod
1176 1739 1204 1794 in
1219 1742 1241 1793 P
1254 1740 1342 1810 scrip·

189 1821 250 1866 tum
272 1821 325 1880 est,
346 1811 505 1867 Abdrida
542 1813 628 1867 Afros
650 1822 754 1880 autem,
775 1810 932 1882 Aegyptios
954 1812 1055 1866 saltem
1079 1810 1189 1881 lapides
1211 1811 1345 1868 conicere·

190 1881 289 1937 solitos
302 1882 331 1936 in
345 1882 480 1937 deuotum
492 1882 574 1938 testis
585 1892 629 1938 est
643 1883 788 1938 Diodorus
801 1881 818 1937 i.
832 1897 875 1950 91.
888 1897 906 1948 4
918 1899 963 1951 ap.
978 1883 1046 1937 Lob.
1060 1881 1199 1951 Aglaoph.
1214 1898 1242 1951 p.
1255 1882 1317 1947 676.

224 1953 271 2007 Ad
283 1956 352 2010 475.
372 1953 595 2009 Scholiastarum
610 1955 778 2009 confirmant
793 1954 1004 2024 quodammodo
1020 1951 1236 2022 explicationem
1253 1954 1342 2008 uerba

190 2023 316 2078 Caesarii
334 2023 454 2078 πόστιον
471 2024 501 2079 in
520 2023 594 2078 Bibl.
613 2025 714 2080 Graec.
735 2027 850 2080 Patrum
869 2025 903 2078 T.
921 2025 955 2092 38
974 2040 1000 2093 p.
1019 2037 1070 2110 992
1091 2023 1198 2093 Migne,
1217 2023 1305 2079 citata
1322 2042 1344 2080 a

190 2094 333 2149 Lobeckio
343 2096 483 2182 Aglaoph.
493 2113 521 2166 p.
534 2108 584 2164 574
595 2093 680 2151 Ἰλιεῖς
691 2093 854 2161 τάνἝκτορα
865 2096 968 2164 μᾶλλον
977 2095 1005 2148 δέ
1015 2095 1061 2147 ούδ
1076 2093 1202 2164 ἀλέκτορα
1214 2097 1342 2165 χρηστόν,

188 2165 213 2216 οῖ
231 2165 260 2218 έν
274 2163 355 2234 Λεύκρ
370 2166 416 2220 τόν
430 2186 520 2235 ικαχον
532 2165 667 2235 Ἀχιλλέα,
682 2168 789 2220 Πόντιοι
803 2164 960 2235 (Ὀπούντιοι
978 2165 1104 2233 Lobeck)
1121 2166 1166 2220 τόν
1181 2166 1342 2230 πατραλοίαν

188 2235 350 2305 Πάτροκλον,
362 2233 475 2290 Ῥόδιοι
487 2237 540 2291 τὸν
552 2236 722 2306 είκημάχον
734 2237 906 2290 Μακεδόνα.
928 2236 1047 2290 Rhodos
1060 2236 1143 2290 sedes
1156 2235 1340 2304 Telchinum;

187 2306 294 2360 bellum
313 2306 493 2362 temerarium
511 2317 594 2376 putes
613 2307 642 2362 id
660 2325 725 2362 esse
743 2308 821 2379 quod
839 2324 904 2361 cum
923 2306 1032 2375 superis
1050 2306 1173 2374 gessisse
1186 2306 1339 2361 Telchinas

188 2375 323 2432 credibile
341 2386 393 2445 est,
412 2394 483 2448 quos
503 2377 618 2432 Seruius
638 2378 675 2432 ad
693 2378 763 2435 Aen.
784 2377 820 2432 iv.
834 2390 884 2445 377
904 2377 941 2430 ab
954 2376 1085 2446 Apolline
1104 2376 1214 2432 occisos
1232 2376 1262 2430 in
1280 2377 1338 2447 lupi

187 2445 295 2516 habitu,
314 2447 361 2502 alii
379 2449 477 2504 Rheae
494 2448 660 2504 aduersatos
679 2465 743 2504 esse
760 2447 928 2504 tradiderint
948 2448 1055 2517 (Schol.
1073 2448 1167 2517 Apoll.
1180 2448 1213 2500 R.
1228 2446 1246 2501 i.
1263 2462 1340 2516 1141,

187 2517 300 2572 Ἀνταίο.
328 2517 343 2586 ἡ
354 2516 412 2573 Ῥέα
423 2518 489 2573 οὕτω
501 2518 605 2589 λέγεται
618 2518 683 2573 διότι
696 2519 796 2574 ε’ναντία
808 2521 862 2573 τοῖς
873 2519 999 2590 Τελχῖσιν
1009 2515 1120 2588 ἐγένετο,
1138 2517 1173 2574 cf.
1186 2519 1283 2587 Etym.
1297 2520 1338 2576 M.

186 2605 214 2658 p.
230 2603 288 2655 111,
302 2590 370 2644 Lob.
384 2589 525 2660 Aglaoph.
537 2607 562 2660 p.
580 2588 669 2659 1197).
956 2604 959 2609 ·

224 2660 286 2712 lam
303 2659 414 2730 siquae
432 2671 527 2730 partes
545 2662 689 2730 Curetum,
702 2658 821 2714 eaedem
838 2670 918 2715 erant
935 2658 1112 2728 Telchinum‚
1125 2668 1155 2714 ut
1169 2659 1238 2713 deos
1251 2660 1339 2714 modo

186 2728 351 2784 educandos
380 2731 555 2801 susciperent
580 2731 667 2785 modo
691 2730 882 2799 amolirentur,
910 2731 986 2784 uelut
1012 2731 1110 2785 Iouem
1135 2731 1341 2800 Bacchumque

186 2799 278 2868 tutati,
300 2802 453 2871 Epaphum
474 2802 532 2856 leto
553 2801 667 2856 dedisse
687 2801 819 2856 dicuntur
839 2800 980 2871 (Apollod.
1002 2799 1029 2855 ii.
1054 2816 1074 2856 r.
1097 2800 1134 2868 3),
1155 2817 1213 2854 non
1235 2800 1339 2858 mirum

187 2869 211 2924 si
230 2871 381 2926 Telchines
400 2872 515 2927 alternis
536 2872 646 2927 uicibus
666 2873 765 2928 Rheae
787 2872 875 2926 filium
895 2874 1061 2941 Neptunum
1079 2871 1218 2925 educasse
1238 2871 1344 2940 (Diod.

186 2959 211 2994 v.
227 2941 281 3010 55),
298 2941 386 2996 iidem
406 2960 472 2997 mox
491 2943 591 2998 Rheae
611 2943 753 2998 aduersati
772 2942 964 3013 perhibentur.
1002 2943 1121 2996 Curetas
1141 2951 1238 2997 autem
1257 2940 1280 2996 si
1299 2942 1339 2996 ob

186 3011 312 3066 occisum
334 3014 487 3094 Epaphum
510 3013 618 3095 Iupiter
638 3013 757 3084 peremit
780 3014 922 3084 (Apollod.
945 3014 964 3067 l.
981 3011 1026 3081 c),
1045 3011 1198 3067 Telchinas
1222 3023 1337 3081 propter

186 3081 317 3137 iniuriam
336 3086 460 3154 ahquam
477 3084 641 3139 fulminatos
660 3084 716 3139 dici
729 3085 792 3155 quis
811 3084 949 3139 miretur?
985 3085 1023 3137 Et
1045 3093 1104 3138 erat
1124 3083 1197 3137 inter
1216 3085 1337 3138 Curetas

185 3153 395 3224 Telchinasque
412 3155 601 3223 necessitudo,
620 3165 693 3210 teste
711 3156 851 3210 Strabone
868 3168 919 3221 472
933 3171 977 3224 ap.
997 3155 1121 3210 Lobeck.
1139 3156 1203 3224 Agl.
1216 3171 1243 3223 p.
1260 3155 1336 3221 1148.

186 3223 267 3292 Quae
280 3224 304 3278 si
319 3225 492 3280 Lobeckium
505 3236 619 3280 secutus
631 3243 660 3296 p.
676 3241 741 3294 1197
755 3243 821 3281 uere
835 3226 945 3294 colligo,
962 3225 1143 3280 scribendum
1161 3225 1213 3281 erit
1226 3243 1261 3280 ex
1273 3227 1298 3279 T
1308 3226 1339 3280 X

184 3295 227 3348 Vt
242 3296 407 3350 Macedon
419 3296 546 3366 rapidis
559 3297 645 3351 ictus
659 3314 730 3350 cum
743 3296 883 3366 coniuge
896 3296 1050 3351 flammis.

220 3366 267 3420 Ad
278 3369 349 3435 499,
362 3369 432 3421 500.
461 3367 545 3422 Diod.
567 3387 592 3422 v.
613 3368 647 3421 62
665 3365 747 3422 Ἐστι
767 3365 789 3421 δ’
809 3368 837 3421 έν
859 3368 990 3438 Καστάβῳ
1009 3369 1054 3435 τῆς
1077 3365 1244 3437 Χεῤῥονὴσσυ
1268 3367 1338 3434 ἱερὸν

183 3435 259 3505 όγιον
276 3433 407 3504 Ἡμιθέας,
425 3435 456 3506 ἧς
472 3437 519 3506 τὴν
535 3436 696 3509 περιπέτειαν
715 3440 760 3491 οὐκ
776 3438 850 3504 ἀξιον
867 3439 1028 3507 παραλιπεῖν.
1066 3438 1161 3491 Πολλά
1179 3439 1226 3505 μέν
1237 3435 1283 3491 οὖν
1295 3439 1342 3491 καλ

183 3507 299 3560 ποικίλοι
310 3510 385 3579 λόγοι
401 3509 460 3578 περὶ
476 3509 554 3575 αὐτῆς
566 3508 753 3578 παραδέδονται
768 3510 813 3563 τόν
831 3506 854 3560 δ’
865 3508 1049 3575 ἐπικρατοῦντα
1061 3508 1102 3560 καὶ
1115 3506 1337 3577 συμφωνούμενον

182 3578 253 3646 παρὰ
270 3580 325 3633 τοῖς
343 3577 478 3666 ἐγχωρίοις
495 3578 613 3649 διέξιμεν.
650 3577 790 3648 Σταφύλου
801 3579 853 3649 γὰρ
870 3578 911 3630 καὶ
925 3576 1120 3646 Χρυσοθέμιδός
1131 3580 1201 3647 φασι
1212 3578 1336 3648 γενέσθαι

183 3649 252 3715 τρεῖς
269 3647 411 3719 θυγατερας
430 3650 585 3705 Μολπαδίαν
603 3651 643 3703 καὶ
660 3649 734 3703 Ῥοιὼ
753 3649 794 3702 καὶ
812 3647 945 3717 Παρθένον
963 3646 1051 3713 ὄνομα.
1088 3649 1138 3702 Καὶ
1153 3648 1184 3716 τῇ
1199 3651 1246 3717 μέν
1256 3647 1336 3702 Ῥοιοῖ

182 3719 229 3772 τὸν
238 3717 395 3773 Ἀπόλλωνα
406 3722 513 3791 μιγέντα
530 3722 623 3792 ἔγκυον
639 3721 756 3787 ποιῆσαι·
774 3721 820 3773 τόν
837 3719 866 3772 δέ
883 3717 982 3786 πατέρα
1000 3719 1077 3786 uitiis
1094 3719 1128 3774 ὥς
1144 3717 1187 3772 ἀπ’
1198 3718 1335 3789 ἀνθρώπου

182 3790 229 3857 τῆς
248 3788 350 3859 φθοράς
370 3790 537 3861 γεγενημένης
557 3791 720 3862 ὀργισθῆναι,
740 3791 782 3844 καλ
801 3789 844 3843 διὰ
861 3794 938 3844 τοῦτο
954 3789 1002 3855 ’τὴν
1019 3788 1147 3860 θυγατέρα
1165 3789 1202 3844 είς
1219 3789 1336 3856 λάρνακα

183 3860 376 3930 συγκλείσαντα
397 3864 490 3922 βαλεῖν
508 3862 545 3917 είς
563 3861 609 3930 τὴν
626 3861 766 3918 θάλατταν,
802 3859 1029 3930 Προσενεχθείσης
1049 3859 1077 3913 δέ
1095 3861 1140 3927 τῆς
1157 3858 1336 3930 λόρνακοςτῇ

183 3929 262 4004 Δίγλιμ
272 3933 354 3984 τεκεῖν
368 3930 461 4002 άρῤενα
478 3933 519 3986 καὶ
536 3935 750 4003 προσαγορεῦσαι
767 3933 797 3987 τό
813 3930 1024 3985 παιδίον”Ανιον.
1060 3929 1111 3998 Τὴν
1124 3931 1152 3983 δέ
1164 3928 1238 3983 Ῥοιὼ
1250 3951 1334 3999 παρα-

183 4000 266 4068 δόξως
289 4001 422 4057 σωθεῖσαν
444 4002 572 4058 ἀναθεῖναι
596 4004 627 4058 τὸ
650 4002 752 4073 βρέφος
775 4003 818 4058 ε’πὶ
842 4003 888 4057 τόν
911 4002 999 4071 βωμὸν
1023 4005 1070 4056 τοῦ
1092 3998 1268 4068 Ἀπόλλωνος,
1292 4002 1334 4054 καὶ

181 4071 341 4141 ἐπεύξασθαι
364 4073 401 4145 τῷ
425 4073 484 4147 θεῷ,
508 4073 531 4127 εί
554 4074 628 4128 ἔστιν
651 4074 681 4140 έξ
705 4073 810 4141 ἐκείνου,
835 4074 928 4139 σώζειν
951 4073 1020 4128 αι’)τό.
1057 4072 1108 4124 Τόν
1132 4070 1153 4125 δ’
1178 4069 1334 4125 Ἀπόλλωνα

181 4143 361 4214 μυθολογοῦσι
379 4145 437 4199 τότε
454 4145 502 4212 μέν
518 4142 617 4216 κρύψαι
634 4146 665 4199 τὸ
682 4145 794 4209 παιδίον,
813 4141 923 4215 ὕστερον
937 4143 966 4197 δέ
982 4143 1161 4213 φροντίσαντα
1177 4145 1222 4210 τῆς
1233 4145 1337 4210 τροφῆς

181 4212 284 4281 διδάξω
302 4213 349 4281 τὴν
367 4216 497 4284 μαντικὴν,
516 4215 559 4270 καί
576 4236 647 4272 τινας
666 4215 736 4287 αύτῷ
753 4215 910 4285 περιτιθέναι
927 4216 1043 4284 μεγάλας
1060 4214 1145 4282 τιμάς.
1174 4213 1225 4268 Τάς
1243 4213 1271 4266 δέ
1288 4214 1335 4280 τῆς

180 4283 328 4354 φθαρείσης
347 4285 465 4355 ἀδελφός
489 4285 644 4341 Μολπαδίαν
668 4288 710 4340 καὶ
735 4285 869 4356 Παρθένου
891 4284 1078 4356 φυλαττούσας
1101 4286 1146 4339 τόν
1170 4287 1216 4338 τοῦ
1236 4285 1334 4355 πατρὸς

182 4350 260 4422 οἶνον,
278 4357 440 4425 προσφάτως
458 4355 512 4411 κατ’
529 4356 679 4426 ἀνθρώπους
697 4357 843 4427 εὑρημένον,
864 4356 900 4411 είς
918 4354 998 4410 ὕπνον
1016 4355 1205 4424 κατενεχθῆναι·
1230 4352 1285 4409 καθ’
1304 4353 1335 4409 όν

181 4425 213 4494 δὴ
225 4427 314 4496 καιρὸν
324 4427 371 4482 τάς
382 4429 543 4516 τρεφόμενος
554 4429 615 4497 παρ’
628 4429 717 4483 αὐταῖς
730 4427 760 4482 ὗς
775 4427 913 4494 εἰσελθεῖν,
931 4429 971 4480 καὶ
988 4429 1033 4481 τόν
1048 4448 1076 4479 τε
1093 4426 1187 4496 ἔχοντα
1202 4427 1247 4481 τὸν
1263 4420 1333 4480 οίνον

181 4497 293 4565 κέραμον
311 4499 454 4567 συντριψαι
474 4498 515 4551 καὶ
533 4501 578 4553 τὸν
596 4493 665 4552 οἶνον
683 4499 839 4569 διαφθεῖραι.
875 4498 926 4553 Tris
944 4498 973 4552 δέ
990 4496 1132 4568 παρθένους
1149 4496 1282 4567 μαθούσας
1302 4498 1333 4550 τδ

181 4570 297 4639 γεγονός,
317 4570 357 4622 καὶ
375 4566 540 4639 φοβηθείσας
556 4572 587 4626 τὸ
605 4569 735 4640 ἀπότομον
753 4574 798 4625 τοῦ
816 4571 924 4640 πατρός,
935 4571 1029 4641 φυγεῖν
1045 4569 1088 4624 έπὶ
1104 4570 1148 4623 τόν
1160 4568 1279 4640 αἰγιαλὸν
1290 4569 1332 4623 καὶ
