3294 5214
621 471 946 533 PROLEGOMENA.
1288 470 1357 530 xxix

204 631 272 692 satis
291 631 344 689 erit
364 629 402 690 ad
418 647 480 688 rem
498 630 523 688 si
537 629 612 688 Iulia
628 630 659 688 in
673 629 758 689 Isidis
775 630 847 689 aede
865 641 985 707 operata
1005 629 1131 689 abducta
1151 640 1195 688 est
1214 629 1283 688 inde
1302 647 1355 706 per

203 713 365 772 adulterum
379 712 562 788 inspectante
578 710 688 770 Ouidio
707 720 736 770 et
755 721 944 786 agnoscente,
959 710 1029 769 nihil
1043 721 1141 770 tamen
1155 727 1229 770 auso
1248 711 1354 788 eloqui.

203 794 262 852 Vix
277 795 356 853 enim
371 792 542 852 crediderim
557 792 698 868 Ouidium
715 803 833 869 sumpto
852 792 952 852 habitu
965 793 1051 852 Isiaci
1065 792 1224 852 sacerdotis
1238 793 1356 868 Augus·

204 885 266 935 turn
287 875 401 943 adiisse,
424 873 529 933 fretum
550 875 636 932 uenia
657 892 716 951 qua
735 873 783 933 ille
801 874 1026 933 Athenodorum
1047 875 1208 952 accepisset
1229 873 1356 933 mulieris

203 957 337 1015 Indutum
348 956 446 1032 specie
460 955 587 1032 sellaque
600 957 631 1012 in
645 955 784 1031 palatium
799 955 954 1015 aduectum
969 973 1037 1014 cum
1051 955 1158 1032 gladio,
1170 968 1355 1014 monentem-

204 1056 261 1114 que
275 1047 307 1097 ut
322 1055 339 1096 a
352 1037 457 1096 talibus
471 1036 581 1096 insidiis
599 1036 724 1113 posthac
743 1045 867 1109 caueret,
883 1036 964 1114 quod
976 1037 1063 1096 tradit
1077 1036 1158 1096 Dion
1172 1035 1206 1096 C.
1222 1039 1270 1110 56.
1286 1056 1304 1109 4
1308 1035 1356 1112 3.*

204 1119 328 1178 Constat
355 1129 432 1178 certe
460 1118 627 1194 Augustum
652 1119 683 1177 ln
711 1118 834 1177 deorum
863 1119 952 1177 sacris
975 1118 1226 1194 religiosissimum
1249 1117 1356 1189 fuisse,

204 1218 325 1259 suorum
342 1210 444 1266 autem
464 1199 574 1276 flagitia
594 1200 782 1275 inpatientius
803 1199 919 1258 tulisse:
954 1210 985 1258 ut
1005 1201 1080 1258 ultra
1105 1199 1221 1259 solitum
1242 1217 1357 1260 morem

204 1281 235 1340 in
250 1299 317 1340 eum
332 1281 492 1340 saeuiturus
506 1290 591 1350 esset,
606 1298 695 1357 quern
709 1281 739 1339 in
752 1291 874 1357 utraque
889 1299 920 1340 re
934 1280 1057 1339 noxium
1072 1290 1260 1358 compererat.

246 1362 335 1423 Hanc
355 1361 441 1420 Isidis
462 1361 606 1420 offensam
627 1380 716 1438 quam
738 1363 778 1422 sic
799 1363 950 1438 Augustus
971 1362 1048 1421 ultus
1069 1362 1114 1433 sit,
1136 1363 1215 1422 unde
1236 1361 1357 1422 tandem

204 1443 340 1520 colligere
354 1444 470 1502 audeo?
498 1443 629 1502 PrImum
642 1461 679 1502 ex
693 1444 759 1520 ipso
776 1445 904 1502 carmine
915 1443 1020 1503 Ibidis:
1040 1443 1147 1502 deinde
1162 1461 1199 1502 ex
1210 1442 1356 1502 Tristibus

204 1534 234 1584 et
253 1525 391 1601 Epistulis
412 1543 450 1584 ex
471 1524 576 1584 PontO.
618 1523 665 1583 De
686 1524 768 1583 Ibide
788 1524 893 1602 loquar
912 1526 1075 1601 posterius:
1097 1543 1176 1584 nunc
1195 1524 1268 1584 haec
1286 1542 1357 1584 con-

204 1606 306 1666 sidera.
348 1606 456 1665 Tristia
479 1607 530 1683 qui
549 1606 658 1682 legerit,
680 1606 758 1678 nihil,
779 1616 811 1664 ut
835 1606 949 1682 opinor,
971 1608 1077 1665 totiens
1097 1606 1245 1664 mirabitur
1268 1624 1357 1683 quam

204 1687 345 1747 Ouidium
369 1686 491 1746 fertilem
515 1705 599 1746 suam
626 1705 732 1746 uenam
755 1705 849 1765 prope
875 1688 1046 1760 destituisse,
1069 1700 1122 1764 pro
1147 1687 1236 1746 ubere
1260 1705 1357 1746 rerum

204 1769 291 1846 copia
312 1787 346 1827 ac
367 1770 525 1828 uerborum
546 1787 635 1845 quam
655 1770 686 1827 in
703 1769 861 1828 Amoribus
879 1767 973 1828 Fastis
995 1768 1283 1845 Metamorphosibus
1305 1769 1357 1829 ad-

203 1849 328 1910 hibuerit
341 1850 516 1910 successisse
531 1851 625 1910 sterile
639 1850 789 1927 quoddam
807 1858 837 1908 et
855 1850 993 1922 ieiunum,
1008 1868 1069 1928 quo
1089 1850 1267 1910 calamitates
1287 1867 1356 1910 suas

202 1932 306 1991 iterum
321 1940 408 2009 atque
421 1932 526 1990 iterum
540 1941 682 2009 queratur.
712 1931 788 1991 Sane
803 1932 916 1992 uidetur
928 1950 1020 1990 unum
1035 1950 1187 2009 superesse
1200 1932 1356 2008 uestigium

202 2013 313 2089 ingenii
333 2013 364 2071 in
384 2031 464 2072 noua
485 2031 516 2072 se
537 2013 674 2089 erigentis
694 2013 777 2090 quod
798 2013 912 2090 singula
928 2013 1051 2074 distcha
1065 2013 1224 2073 sententias
1238 2012 1356 2086 habent,

203 2113 266 2154 non
284 2105 316 2154 ut
333 2095 364 2152 in
378 2095 538 2153 Amoribus
551 2095 622 2154 A1te
636 2093 729 2154 Fastis
751 2094 918 2171 simpliciter
938 2094 1132 2167 decurrentes,
1149 2095 1202 2154 sed
1222 2095 1355 2172 complu·
1379 2157 1382 2164 ,

203 2177 284 2235 ribus
308 2176 446 2235 membris
473 2176 548 2234 inter
576 2195 608 2234 se
631 2176 782 2252 inplicatas
809 2194 844 2235 ac
869 2193 1006 2236 conexas.
1050 2177 1170 2253 Absque
1192 2177 1250 2236 hoc
1273 2175 1354 2248 soret,

203 2259 253 2316 uix
278 2257 367 2334 digna
389 2256 498 2318 Ouidio
518 2257 609 2316 uideri
630 2265 783 2333 poterant;
813 2267 894 2317 tanta
917 2258 948 2316 in
973 2258 1111 2317 omnibus
1132 2259 1208 2318 Inest
1228 2255 1356 2336 (praeter
1395 2251 1406 2262 '

203 2339 367 2398 secundum
391 2339 497 2397 librum
522 2335 673 2417 Tristium)
696 2338 855 2415 figurarum
879 2356 914 2398 ac
943 2339 1086 2398 sermonis
1112 2340 1223 2398 iteratio
1234 2359 1243 2411 3
1279 2339 1355 2399 adeo

206 2439 349 2497 nusquam
371 2439 467 2478 rerum
487 2419 576 2478 ullam
596 2420 747 2480 materiam
764 2419 880 2479 dicendi
901 2420 956 2478 nisi
974 2420 1005 2478 in
1023 2421 1145 2479 miseriis
1163 2421 1223 2480 suis
1239 2419 1356 2486 habeti

204 2499 315 2578 Estque
327 2501 384 2561 hoc
395 2502 492 2577 ipsum
503 2501 584 2579 quod
596 2501 727 2578 legentes
739 2501 878 2573 aduertat,
888 2501 1021 2561 eminens
1032 2511 1061 2560 et
1069 2512 1186 2561 exstans
1196 2502 1355 2561 earundem

202 2601 299 2642 rerum
316 2583 569 2659 comparationum
584 2584 742 2642 uerborum
763 2582 888 2659 denique
910 2582 1074 2642 similitudo.
1117 2581 1173 2642 Cui
1194 2583 1273 2642 enim
1293 2601 1356 2642 non

202 2673 330 2724 recurret
355 2665 425 2723 illud
452 2664 640 2724 decantatum
662 2664 765 2724 Litora
786 2671 852 2739 quoi
873 2664 997 2735 cacitas,
1020 2671 1086 2739 quot
1104 2683 1217 2723 amoena
1241 2667 1355 2724 rosaria

192 2745 283 2821 flores
297 2745 385 2806 Trist.
397 2765 424 2804 v.
437 2765 462 2804 a.
477 2763 513 2821 23
529 2764 603 2823 sqq,
617 2746 699 2822 quod
712 2747 743 2804 in
757 2763 937 2822 unoquoque
951 2745 1025 2804 libro
1038 2764 1094 2805 nec
1108 2745 1248 2804 Tristium
1262 2746 1355 2805 modo

203 2827 358 2886 sedetiam
372 2827 569 2904 Epistularum
589 2827 770 2904 aliquatenus
791 2837 935 2886 mutatum
956 2827 1107 2904 repetiuit?
1149 2827 1206 2886 Vel
1226 2827 1297 2886 illud
1318 2827 1355 2886 de

202 2908 337 2969 Busiride
359 2919 388 2968 et
408 2908 568 2979 Phalaride,
590 2908 671 2985 quod
691 2917 724 2967 ut
745 2909 777 2967 in
796 2908 880 2967 Ibide
901 2909 943 2968 sic
965 2909 997 2966 in
1018 2908 1106 2968 Trist.
1129 2919 1157 2968 et
1178 2907 1272 2985 Epist.
1293 2926 1355 2968 non

202 2990 294 3050 semel
308 2991 412 3067 legitur
425 2989 490 3069 (Tr.
504 2990 540 3048 iii.
560 3008 605 3048 11.
623 3009 671 3065 39,
686 2991 771 3049 Pont.
786 2989 822 3050 iii.
839 2992 865 3048 6.
882 2986 943 3068 41).
986 2989 1071 3049 Haec
1085 2991 1186 3050 omnia
1204 3008 1355 3050 recensere

202 3081 326 3131 nonest
347 3073 437 3131 nostri
453 3072 567 3148 opens:
591 3081 703 3130 tanturn
721 3071 842 3130 afferam
861 3089 937 3148 quae
956 3071 994 3130 ad
1013 3071 1098 3131 Isidis
1117 3073 1204 3131 ritum
1224 3072 1295 3130 mihi
1308 3090 1354 3131 re-

202 3151 323 3212 serenda
336 3153 498 3212 uideantur.
544 3151 623 3211 Nam
637 3172 674 3212 ne
689 3153 813 3212 obsoleti
827 3153 920 3212 cultus
934 3154 1025 3212 uerba
1038 3162 1067 3212 et
1080 3170 1171 3213 uoces
1188 3154 1354 3214 nesciamus

202 3236 320 3294 obstant
333 3234 542 3312 Inscriptiones
557 3243 585 3294 et
598 3244 796 3295 emortuarum
809 3234 992 3310 relligionum
1006 3244 1154 3294 enarrator
1169 3235 1318 3311 Apuleius.

244 3315 389 3388 Quotiens
411 3317 493 3376 enim
518 3315 652 3375 Ouidius.
666 3316 856 3376 Infortunium
880 3333 966 3375 suum
990 3317 1095 3393 plagae
1120 3326 1272 3392 comparat
1296 3335 1355 3394 qua

202 3415 298 3474 paene
319 3397 357 3456 ad
377 3407 503 3457 mortem
524 3397 679 3457 confossus
701 3399 754 3457 sitl
797 3397 847 3456 Tr.
862 3398 880 3456 i.
899 3417 923 3456 1.
940 3417 978 3473 99
992 3400 1046 3472 qai
1056 3397 1131 3455 mr'lri
1140 3399 1259 3456 uulnera
1268 3399 1352 3477 fecit.

201 3479 238 3538 iii.
262 3498 308 3540 11.
331 3481 369 3556 63
390 3481 543 3539 rescindere
566 3481 688 3538 crr'mina
715 3480 780 3550 nali,
804 3477 898 3554 Deque
916 3481 1012 3555 graui
1036 3480 1126 3538 duras
1152 3481 1266 3537 uulnere
1293 3480 1355 3537 tolle

202 3579 310 3621 manus.
339 3563 377 3619 66
392 3561 483 3619 Faria
503 3562 657 3619 cicatricem
678 3561 774 3619 ducere
793 3568 889 3619 nasim
909 3563 976 3619 scire.
992 3560 1076 3618 Pont.
1091 3560 1110 3621 i.
1126 3579 1152 3635 3.
1171 3575 1206 3635 15
1227 3559 1355 3636 Tempore

202 3643 316 3701 ducetur
329 3643 409 3719 longo
417 3645 547 3721 fortasse
559 3644 692 3711 cicatrix,
707 3641 837 3700 Horren!
854 3643 978 3699 admotas
997 3643 1115 3701 uulnera
1135 3643 1224 3701 cruda
1245 3660 1353 3700 manus.

202 3722 290 3783 Trist.
304 3724 341 3783 iii.
357 3727 384 3784 6.
402 3743 439 3800 ²9
453 3722 590 3799 Metaque
602 3723 771 3802 reformidat
788 3724 878 3780 ueluti
891 3742 943 3781 sua
957 3724 1077 3780 uulnera
1091 3730 1193 3800 tempus
1207 3721 1292 3780 Illud.
1308 3721 1353 3784 cf.

202 3803 290 3865 Trist.
307 3805 343 3864 iv.
363 3825 386 3864 1.
404 3807 451 3880 36,
474 3805 559 3864 Pont.
576 3805 593 3864 'r
611 3807 640 3864 6.
657 3824 703 3878 aa,
725 3805 761 3864 iv.
780 3823 824 3864 11.
841 3823 867 3878 4,
886 3823 932 3880 19,
953 3803 980 3862 ii.
997 3823 1025 3878 3.
1041 3823 1089 3880 94.
1139 3804 1179 3865 Et
1199 3803 1291 3862 multo
1312 3803 1354 3860 ui-

202 3887 296 3946 uidius
310 3887 395 3947 Pont.
409 3887 436 3944 ii.
454 3899 479 3962 7.
495 3904 531 3958 41
797 3903 800 3910 ·

407 3966 458 4026 Sic
470 3987 518 4044 ego
530 3968 797 4046 cratibuaforaenae
809 3968 943 4026 uulncrar
956 3968 1012 4025 ictu

455 4049 564 4125 Vixque
576 4049 659 4107 habet
670 4051 701 4107 in
714 4049 790 4108 nobis
805 4050 862 4107 ram
877 4067 949 4107 naua
957 4049 1047 4125 plaga
1060 4047 1157 4106 locam.

126 4137 132 4146 '
202 4131 237 4190 iv.
256 4132 301 4191 16.
317 4144 352 4206 51
408 4129 845 4210 Qar'eirieuatextinctasferrum
860 4131 996 4189 derni'r‘iere
1009 4132 1040 4187 in
1053 4132 1159 4188 aretari

206 4245 207 4248 ¹
445 4211 515 4272 Non
527 4211 610 4271 habet
621 4214 652 4271 in
664 4211 742 4272 nobis
756 4214 813 4270 eam
827 4230 900 4270 noua
909 4211 999 4288 plaga
1011 4211 1108 4268 locum.

202 4292 289 4372 Apul.
304 4293 346 4352 M.
362 4293 401 4352 xi.
419 4308 455 4368 15
470 4292 550 4353 Nam
569 4296 600 4354 in
617 4311 660 4352 eas
678 4312 794 4370 quorum
808 4293 866 4354 redi
876 4295 952 4352 ui‘tas
967 4295 997 4351 in
1010 4292 1156 4351 scuticam
1171 4291 1233 4350 deae
1246 4299 1356 4352 nostrae

235 4425 250 4458 *
267 4423 341 4485 Culpa
353 4423 440 4482 Ouidii,
452 4439 612 4486 quaecumque
626 4424 677 4481 fuit,
688 4440 745 4472 non
762 4425 908 4472 minimum
927 4424 1034 4472 furoris
1046 4423 1126 4471 habuit
1138 4424 1217 4486 (Pone.
1229 4424 1254 4474 ii.
1264 4437 1286 4487 3.
1298 4423 1356 4489 46):

202 4489 265 4552 quod
276 4490 304 4536 de
316 4490 417 4538 audacia
430 4492 473 4551 (an
484 4490 603 4552 eseapade)
615 4491 686 4550 qualis
698 4491 844 4540 athenodori
856 4490 914 4538 baec
926 4490 977 4549 luit,
986 4505 1035 4538 non
1046 4491 1107 4538 male
1118 4489 1224 4551 explices.

236 4554 254 4612 ·1·
271 4555 323 4604 Sea.
335 4555 564 4619 Cont.Exce1pt.iii.
576 4556 650 4606 Praei.
659 4568 681 4617 5.
