3294 5214
595 467 923 530 PROLEGOMENA.
1067 543 1068 546 Ἴ
1276 473 1336 534 xlix

222 627 317 689 Moris
337 636 397 687 erat
418 628 603 692 sacerdotum
620 625 702 686 humi
722 626 857 699 dormire,
873 627 967 702 capite
981 626 1011 684 in
1029 645 1116 688 axem
1136 628 1267 705 ligneum
1288 629 1336 688 uel

181 709 305 769 durioris
319 708 426 785 aliquid
440 708 577 770 materiae
595 709 696 767 innixo
711 705 812 786 (Wilk.
826 709 844 766 i.
865 727 894 784 p.
913 706 992 787 186).
1034 707 1106 770 Hoc
1126 710 1165 770 ad
1184 710 1334 770 inimicum

180 809 268 850 suum
279 790 403 852 Ouidius
418 791 459 850 sic
472 790 614 851 transtulit
627 800 659 849 ut
672 787 851 849 Eumenides
865 789 972 850 iaceret
984 789 1102 852 infantis
1116 801 1204 868 caput
1217 791 1248 850 in
1262 809 1334 852 saxo

179 871 338 932 fulcientes.

221 954 251 1012 ii.
272 953 476 1014 Obseruabant
492 953 631 1030 Aegyptii
649 953 866 1030 diligentissime
885 953 1041 1029 genituras,
1056 971 1117 1032 quo
1135 955 1258 1031 quisque
1278 954 1333 1026 die,

180 1053 240 1112 qua
260 1035 333 1094 hora
352 1036 384 1093 in
403 1035 500 1095 lucem
520 1035 613 1096 editus
634 1034 742 1095 fuisset.
784 1034 899 1096 Herod.
913 1035 940 1094 ii.
956 1039 1003 1093 82.
1046 1035 1087 1096 At
1107 1035 1138 1095 in
1159 1035 1242 1096 ibide
1263 1036 1334 1094 nihil

180 1117 322 1194 insignius
336 1117 397 1176 istis
413 1135 471 1192 ao9
486 1135 551 1195 sqq.

305 1197 399 1258 Natus
419 1216 451 1258 es
471 1197 651 1258 infelix-ita
671 1195 701 1257 di
722 1199 938 1258 uoluere-nec
959 1197 1016 1258 ulla

345 1279 513 1340 Commoda
533 1279 663 1340 nascenti
683 1279 765 1339 stella
785 1280 893 1338 leuisue
914 1279 976 1339 fuit.

304 1359 376 1420 Non
396 1362 500 1421 Venus
520 1361 621 1433 illuxit,
642 1378 703 1420 non
724 1361 772 1420 illa
793 1361 902 1438 Iupiter
922 1361 1004 1432 hora,

345 1442 487 1520 Lunaque
508 1461 571 1502 non
591 1453 661 1518 apto
682 1443 785 1521 solque
806 1442 886 1501 fuere
906 1441 985 1503 loco.

304 1524 368 1584 Nec
389 1525 457 1584 satis
478 1524 582 1584 utiliter
603 1524 714 1601 positos
735 1524 787 1584 tibi
807 1524 940 1600 praebuit
959 1524 1043 1600 ignes

345 1605 443 1680 Quem
463 1605 574 1683 peperit
594 1623 704 1682 magno
723 1605 820 1666 lucida
841 1604 921 1665 Maia
941 1606 1015 1665 Ioui.

303 1685 350 1747 Te
371 1687 439 1760 iera,
461 1705 517 1747 nec
538 1687 695 1764 quicquam
715 1687 862 1763 placidum
882 1687 1058 1781 spondentia
1079 1686 1180 1747 Martis

345 1767 445 1828 Sidera
465 1778 640 1844 presserunt,
662 1768 837 1846 falciferique
857 1769 942 1828 senis.

259 1859 261 1864 ’
302 1850 368 1910 Lux
388 1868 508 1927 quoque
528 1849 639 1921 natalis,
661 1868 699 1909 ne
721 1850 801 1931 quid
812 1850 865 1909 nisi
887 1851 965 1910 triste
986 1849 1107 1922 uideres,

344 1930 454 2008 Turpis
474 1941 503 1990 et
523 1930 650 1991 inductis
670 1932 796 1992 nubibus
816 1942 878 1991 atra
898 1931 958 1992 luit

220 2011 294 2073 Dies
308 2011 395 2072 etiam
410 2023 560 2090 tamquam
580 2030 739 2090 prosperos
760 2023 809 2073 aut
829 2014 1026 2090 improsperos
1040 2014 1181 2074 notabant
1198 2012 1335 2093 (Renoui

180 2093 319 2170 Religion
339 2093 376 2154 oi
392 2094 520 2154 Ancient
539 2093 638 2171 Egypt
658 2113 687 2171 p.
706 2091 793 2173 157lz
821 2093 857 2154 cf.
880 2095 924 2155 Ib.
940 2113 1008 2170 219,
1025 2113 1093 2154 aao.
1143 2095 1332 2175 Aderantque

179 2176 311 2235 nascenti
324 2175 416 2236 cuiuis
431 2176 503 2235 deae
517 2176 664 2252 quaedam
679 2175 737 2235 iata
751 2175 955 2252 praefinientes
969 2174 1105 2255 (Renoui
1123 2195 1151 2252 p.
1165 2175 1243 2256 161),
1259 2179 1332 2238 sicut
1387 2193 1389 2200 ·

178 2267 350 2317 nascentem
363 2257 430 2317 Ibin
445 2258 607 2334 suscipiunt
619 2256 806 2330 Eumenides,
821 2256 1024 2335 infelicemque
1043 2259 1239 2335 praesignant,
1258 2278 1331 2320 con-

177 2339 313 2398 firmante
326 2339 435 2401 Clotho
450 2357 526 2415 quae
539 2339 570 2398 in
584 2338 649 2398 latis
663 2347 824 2416 posuerunt
837 2349 866 2398 et
878 2349 941 2398 rata
953 2338 1086 2399 iaciente.

219 2420 257 2479 iii.
299 2419 339 2480 At
360 2419 411 2480 tibi
432 2420 549 2482 calcasti
569 2420 619 2498 qui
640 2437 697 2491 me,
718 2420 855 2492 uiolente,
875 2420 1029 2480 iacentem

220 2501 363 2579 Saepius'
356 2519 387 2560 m
401 2502 554 2579 sculpturis
568 2502 780 2597 Aegyptiorum
794 2501 852 2561 hoc
865 2502 990 2574 recurrit,
1006 2511 1038 2561 ut
1052 2502 1165 2562 uictor
1158 2522 1189 2562 m
1203 2501 1331 2562 hostium

178 2593 389 2659 prostratorum
400 2581 477 2645 collo
491 2583 620 2678 pedem
612 2593 743 2660 inponat,
758 2583 863 2661 quibus
877 2592 1027 2678 tamquam
1042 2585 1217 2660 ὑποποδίῳ
1186 2587 1331 2644 τωνποδωι

178 2674 282 2802 ptam}
325 2663 545 2744 (Wilkinsonm
517 2683 554 2724 m.
576 2684 605 2741 p.
622 2683 680 2740 403
702 2665 752 2723 ubi
774 2665 873 2724 tabula
894 2664 973 2740 picta
996 2665 1082 2724 huius
1106 2665 1148 2724 rei
1170 2665 1330 2744 imaginem

190 2756 240 2806 ert.

218 2745 255 2887 ivl
296 2827 333 2887 In
353 2828 419 2888 loca
439 2830 477 2888 ab
497 2827 602 2906 Elysiis
622 2827 737 2887 diuersa
756 2826 895 2905 lugebere
916 2828 1035 2904 campis.

343 2909 485 2987 Quasque
506 2918 585 2969 tenet
606 2908 690 2969 sedes
712 2909 801 2968 noxia
821 2910 913 2980 turba,
935 2909 1022 2968 coles.

218 2989 384 3068 Elysiorum
405 3009 578 3066 camporum
599 2992 689 3051 ran'or
708 2991 819 3050 mentio
840 2990 919 3068 apud
939 2992 1084 3068 antiquos,
1104 3009 1201 3067 neque
1222 2990 1278 3064 hic,
1297 3001 1330 3052 ut

177 3070 299 3145 uidetur,
324 3073 510 3149 p'rouentura,
535 3072 590 3131 nisi
618 3071 763 3149 singulare
791 3071 862 3149 quid
886 3073 1024 3131 subesset.
1076 3071 1216 3149 Respexit
1240 3073 1329 3134 credo

177 3153 390 3230 Aegyptiorum
411 3172 509 3227 sacra;
531 3171 601 3214 nam
622 3163 651 3214 et
671 3153 715 3213 his
729 3152 816 3212 Aaru
830 3154 890 3216 siue
904 3152 984 3212 Aalu
1002 3154 1161 3231 imaginem
1181 3155 1329 3230 quandam

177 3233 342 3311 Elysiorum
356 3253 528 3313 camporum
542 3235 692 3297 referebat.
735 3234 771 3294 In
785 3234 843 3294 hoc
857 3253 930 3310 agro
945 3245 1074 3312 segetem
1088 3235 1185 3295 colere
1200 3235 1329 3297 defuncti

177 3316 237 3376 uita
260 3317 452 3378 credebantur
458 3336 467 3388 ;
497 3316 764 3394 circumdatumque
788 3315 888 3376 habuit
911 3316 966 3376 sibi
989 3332 1104 3376 murum
1129 3335 1166 3376 ex
1190 3316 1276 3388 ferro,
1297 3319 1329 3376 in

176 3414 237 3474 quo
261 3398 370 3458 multae
395 3408 512 3475 portae3
544 3397 706 3475 perfluebat
733 3407 832 3458 autem
858 3398 952 3457 amnis
977 3398 1111 3458 diductus
1135 3397 1329 3458 multifariam.

177 3477 239 3539 Sed
261 3490 291 3540 et
312 3480 454 3556 Apuleius
478 3479 528 3538 ubi
553 3479 641 3540 sacris
665 3478 725 3539 suis
745 3479 856 3539 initiato
878 3479 940 3539 Isin
961 3479 1188 3556 conloquentem
1209 3479 1328 3552 inducit,

176 3559 290 3637 Elysios
305 3578 427 3638 campos
442 3561 684 3620 commemorauit
698 3561 735 3619 xi.
752 3563 769 3618 6
793 3561 874 3620 Veiees
892 3567 981 3619 autem
1001 3561 1102 3632 beatus,
1118 3563 1196 3619 miees
1217 3563 1249 3620 in
1269 3581 1329 3620 mea

176 3643 260 3700 tutela
268 3643 419 3719 glorebsus,
429 3650 455 3701 et
466 3661 527 3702 eune
540 3643 661 3718 spateiem
675 3642 779 3701 saeculi
789 3643 1002 3716 tue'permensus
1015 3643 1056 3701 ad
1066 3644 1171 3721 rieseras
1184 3643 1327 3714 deneeare'a

177 3723 221 3781 ibi
239 3743 342 3800 quoque
362 3726 393 3784 in
415 3726 473 3801 ipso
494 3724 668 3782 subterraneo
687 3723 871 3782 semirotundo
891 3742 940 3795 ene,
961 3743 1044 3798 quant
1064 3725 1142 3782 uides
1161 3722 1329 3782 Acherontis

176 3805 293 3864 lenebris
311 3805 512 3866 eneerlucentem
529 3804 688 3882 Sngiisque
702 3804 891 3881 penetralibus
909 3812 1077 3881 regnantem,
1092 3813 1199 3879 campos
1214 3803 1327 3880 Ebesias

174 3887 294 3946 incolens
306 3888 362 3962 ipse
375 3887 429 3946 tibi
432 3888 587 3962 propitiam
590 3888 730 3965 frequens
742 3885 883 3944 adorabis.

216 3986 244 4028 v.
264 3967 302 4030 In
317 3967 400 4029 Ibide
413 3968 527 4028 umbrae
540 3968 717 4028 inducuntur
735 3977 885 4043 tamquam
901 3967 986 4026 uiuae
1005 3977 1034 4026 et
1053 3967 1189 4027 uiuorum
1205 3965 1327 4026 affectus

176 4049 342 4110 retinentes.
384 4047 464 4110 Nam
483 4060 511 4109 et
526 4048 617 4109 Ibidis
634 4050 726 4108 noxia
745 4050 821 4108 mille
841 4049 928 4107 modis
948 4048 1155 4108 lacerabitur
1174 4047 1283 4120 umbra,
1298 4059 1327 4108 et

176 4140 281 4206 poetae
301 4130 402 4190 umbra
422 4149 476 4190 non
497 4149 611 4191 mores
632 4132 719 4188 solum
742 4130 855 4190 oderit
878 4129 994 4202 inimici,
1015 4129 1067 4189 sed
1091 4138 1120 4188 et
1144 4129 1257 4188 uultus
1280 4131 1326 4188 in·

175 4221 321 4289 sequetur,
337 4222 366 4273 et
379 4213 467 4272 tendet
478 4212 511 4270 in
529 4230 587 4272 ora
606 4212 737 4288 gelidas
751 4229 880 4271 manus.
924 4211 1014 4287 Apud
1028 4210 1191 4288 Aegyptios
1206 4211 1326 4287 singulis

175 4294 285 4354 umbris
304 4311 356 4354 sua
375 4311 502 4370 persona
521 4304 550 4354 et
567 4293 703 4353 materies
721 4290 856 4371 (Renouf
874 4311 902 4368 p.
918 4290 987 4370 153)
996 4312 1004 4365 ;
1027 4303 1208 4352 mortuorum
1229 4294 1326 4354 laruae

209 4493 342 4540 *Records
360 4493 389 4540 of
402 4493 442 4541 the
458 4493 534 4540 Part
527 4507 558 4541 ιν.
577 4506 600 4553 p.
613 4491 670 4539 80
679 4490 754 4554 lgrve
765 4491 819 4538 thee
831 4489 861 4538 all
872 4490 912 4538 the
923 4488 995 4554 lands
1008 4490 1039 4539 all
1049 4489 1089 4539 the
1101 4491 1190 4556 iorergn
1201 4490 1325 4550 countnes

174 4557 216 4606 the
227 4559 358 4608 barbatiane
368 4559 481 4608 collected
492 4559 564 4606 under
575 4557 617 4620 thy
628 4566 675 4604 two
686 4556 784 4612 sandala,
797 4557 832 4604 for
843 4555 911 4606 ever!
1373 4551 1384 4566 “

736 4621 756 4681 (1
