3294 5214
435 1207 1083 1304 ,PROLEGOMENA

695 1523 789 1598 ·I.

238 1739 363 1802 Ovrurus
381 1753 539 1819 postquam
557 1760 637 1802 anno
650 1743 739 1803 Vrbis
755 1745 811 1817 761
829 1743 949 1817 ue1762
967 1741 1092 1822 (uidetur
1110 1743 1189 1802 enim
1207 1743 1258 1804 uix
1277 1745 1347 1804 satis

196 1823 346 1900 explorata
359 1842 405 1883 res
419 1821 495 1902 esse)
510 1826 541 1882 in
555 1825 672 1883 exilium
686 1825 727 1883 ire
741 1826 836 1883 iussus
850 1835 920 1897 erat,
934 1842 1037 1884 recens
1056 1824 1157 1883 dolore
1176 1825 1348 1886 calamitatis

198 1923 256 1981 qua
269 1915 384 1981 praeter
397 1914 523 1965 mortem
537 1905 607 1963 nihil
621 1906 813 1966 miserabilius
827 1906 887 1982 pati
902 1906 1005 1982 potuit,
1020 1924 1138 1966 carmen
1152 1905 1220 1966 Min
1235 1908 1265 1966 in
1280 1925 1348 1966 eum

197 1987 311 2063 scripsit
325 2005 413 2064 quem
431 2005 466 2046 ex
485 1987 586 2047 amicis
602 1987 762 2059 inimicum,
777 2005 814 2046 ex
833 1987 898 2046 fidis
917 1986 1064 2046 infidelem
1083 1988 1137 2046 sibi
1159 1999 1348 2064 cognouerat.

199 2066 258 2126 Hic
279 2069 344 2143 quis
366 2069 458 2140 luerit,
472 2068 614 2127 incertum
636 2078 697 2140 est;
719 2068 883 2128 CoruInum
899 2067 1015 2127 Caelius
1035 2067 1221 2147 Rhodiginus
1236 2068 1348 2148 (Antiq.

198 2148 277 2208 Lect.
292 2151 350 2208 xiii.
369 2168 381 2206 1
399 2159 548 2226 tamquam
562 2169 599 2208 ex
614 2149 732 2209 Caecilii
746 2149 901 2208 Miuutiani
916 2149 1032 2226 Apuleii
1045 2146 1235 2228 fragmentis),
1252 2151 1286 2211 C.
1301 2152 1350 2210 Iu·
1433 2204 1437 2222 ,

197 2231 269 2290 lium
290 2230 444 2308 Hyginum
467 2229 647 2306 Saluagnius,
663 2232 706 2290 M.
722 2230 875 2290 Manilium
889 2238 1007 2308 poetam
1021 2232 1255 2292 Astronomicon
1269 2233 1350 2292 Mer·

197 2311 290 2371 lelius
311 2314 350 2372 ad
369 2313 412 2372 Ib.
435 2331 484 2389 pp.
501 2316 641 2386 400-406
663 2314 855 2372 conlecerunt.
900 2312 939 2370 Et
959 2311 1106 2372 CoruInus
1128 2314 1247 2390 quidem
1265 2316 1289 2373 si
1306 2323 1351 2374 est

199 2392 328 2453 Messala
347 2394 493 2454 Cominus
512 2394 549 2452 de
568 2413 628 2471 quo
644 2393 768 2453 Ouidius
787 2394 860 2453 haec
882 2394 952 2453 dicit
973 2394 1056 2453 Pont.
1072 2394 1095 2452 I.
1111 2395 1156 2453 vii.
1175 2408 1275 2471 27-30
1289 2395 1352 2455 Nee

198 2481 263 2532 tuus
280 2483 322 2534 est
334 2476 445 2552 genitor
465 2493 513 2533 nos
534 2477 673 2550 infitiatus
692 2477 803 2546 amieos,
818 2475 958 2534 Hortatur
978 2477 1067 2534 studii
1085 2495 1220 2551 causaque
1229 2479 1352 2556 faxque

199 2557 259 2614 mei.
304 2555 364 2616 Cui
374 2577 422 2615 reor
435 2565 461 2615 et
472 2556 613 2629 lacrimas,
628 2568 783 2633 supremam
799 2556 941 2632 insanare
955 2576 1062 2628 munus,
1076 2556 1121 2615 Et
1131 2558 1253 2616 dedemus
1267 2560 1352 2617 medio

198 2640 304 2713 scripta
322 2640 442 2698 canenda
449 2641 521 2716 soro
535 2635 635 2715 (alium
650 2648 747 2697 autem
767 2640 816 2697 uirr
836 2636 973 2716 reperias)
988 2657 1050 2697 non
1071 2648 1168 2716 potest
1189 2639 1213 2697 is
1234 2657 1299 2699 esse
1320 2640 1352 2698 in

200 2737 288 2795 quem
310 2719 375 2779 Ibin
396 2728 484 2798 poeta
507 2721 689 2798 composuit:
711 2720 790 2780 hunc
811 2721 891 2778 enim
913 2730 943 2778 ut
963 2721 1089 2779 amicum
1108 2718 1232 2780 Ouidius
1253 2721 1351 2796 elogio

200 2804 449 2862 commemorauit.
501 2802 566 2862 Nec
607 2802 785 2879 argumentis
810 2802 869 2860 suis
897 2801 983 2861 euicit
1011 2801 1170 2862 Merkelius
1198 2801 1352 2860 Manilium

200 2901 268 2941 eum
290 2883 394 2956 fuisse3
423 2903 492 2944 nam
515 2883 586 2943 nihil
610 2893 654 2942 est
676 2884 707 2943 in
729 2884 813 2942 Ibide
837 2883 918 2959 quod
940 2890 1059 2961 poetam
1082 2884 1234 2961 significet,
1256 2900 1353 2960 neque

199 2972 303 3041 poetae
330 2967 510 3025 conueniunt
533 2965 582 3025 illa
610 2984 645 3037 14
670 2965 764 3024 Iactat
783 2971 809 3022 et
831 2967 861 3022 in
882 2971 933 3022 toto
953 2966 1064 3024 nomena
1085 2971 1180 3024 nostra
1188 2966 1269 3042 foro,
1294 2984 1350 3040 ²3²

201 3045 310 3105 Latrat
326 3053 352 3105 et
370 3049 401 3105 in
421 3055 472 3106 toto
492 3049 576 3106 uerba
598 3049 700 3105 camna
710 3048 806 3124 foro,·
829 3065 926 3123 neque
946 3047 1080 3122 ignotum
1100 3054 1219 3124 poetam
1237 3049 1353 3122 publr'ca

200 3129 303 3186 damna
323 3138 479 3188 uocaturus
499 3138 570 3200 erat,
592 3130 644 3188 sed
666 3130 762 3205 potius
784 3139 888 3187 notum
910 3128 1037 3205 aliquem
1058 3129 1169 3204 populo
1191 3129 1252 3188 siue
1275 3129 1353 3187 dela-

165 3253 173 3264 .
201 3217 295 3268 torem
317 3209 378 3268 siue
403 3221 565 3284 oratorem;
591 3227 687 3286 neque
708 3212 745 3270 de
767 3210 879 3285 origine
900 3208 1014 3268 Manilii
1034 3210 1196 3287 quidquam
1216 3210 1353 3269 traditum

201 3299 261 3348 est:
291 3291 403 3349 Poenus
431 3302 529 3351 autem
554 3291 635 3368 quod
662 3293 693 3350 ln
715 3292 915 3350 recentissImo
940 3291 1043 3350 codice
1066 3291 1215 3350 Vossiano
1240 3291 1353 3350 nomini

201 3371 334 3430 adhaesit
361 3391 422 3431 non
450 3374 516 3450 plus
540 3373 627 3432 habet
651 3373 828 3432 auctoritatis
853 3390 942 3448 quam
965 3372 1064 3431 Nauta
1088 3373 1169 3448 quod
1193 3371 1353 3449 Properti0,

202 3452 324 3530 Coquus
349 3455 430 3529 quod
455 3454 581 3514 Martiali
603 3455 792 3513 coniunctum
813 3454 966 3512 inuenitur.
1017 3453 1155 3530 Hyginus
1177 3463 1209 3512 ut
1234 3455 1271 3513 sit
1293 3453 1354 3514 Ibis

202 3535 293 3594 multa
314 3545 381 3594 sunt
402 3555 476 3612 quae
498 3538 528 3594 ln
549 3535 748 3594 testimonium
769 3545 918 3594 uocentur.
961 3534 1008 3594 De
1025 3553 1085 3612 quo
1105 3535 1163 3594 hoc
1181 3536 1267 3595 tradit
1282 3535 1354 3594 Sue-

201 3618 299 3674 tonius
309 3615 441 3676 Gramm.
453 3637 490 3676 20
502 3616 536 3677 C.
544 3617 639 3675 Iulius
647 3617 782 3694 [diogenus
790 3617 814 3674 A
821 3617 1039 3695 uguste'liberlas
1047 3621 1154 3675 nauone
1162 3617 1355 3692 Hispanus-

202 3699 333 3756 nonnulli
346 3697 579 3758 Alexandrinam
593 3705 700 3774 putant
717 3705 744 3756 et
761 3718 779 3755 a
796 3697 916 3756 Caesare
929 3707 1050 3772 puerum
1067 3697 1188 3757 Romam
1207 3699 1355 3756 adductum

202 3779 388 3838 Alexandria
410 3783 647 3856 capta-studiose
669 3787 695 3838 et
717 3781 855 3838 audrit'et
873 3780 999 3838 zme'tatus
1022 3785 1062 3836 est
1081 3778 1242 3839 Cornelium
1262 3779 1355 3838 Alex-

203 3861 325 3919 andrum
335 3864 551 3938 grammatieum
570 3860 718 3931 Graecum,
730 3879 806 3936 quem
813 3867 929 3936 propter
942 3862 1119 3934 antiquitatis
1132 3861 1257 3918 nauteam
1268 3859 1354 3936 Pohe·

123 3934 127 3944 ’
203 3943 332 4000 lre'stmm
356 3945 445 4015 maltz',
467 3944 580 4019 quidam
601 3943 747 4001 historiam
764 3941 905 4000 uocabant.
942 3943 1072 4019 praefuit
1090 3941 1241 4000 Palatinae
1261 3940 1355 3999 biblio-

203 4023 302 4094 thecae,
324 4044 371 4082 nec
393 4044 421 4082 eo
444 4027 533 4083 sectus
553 4026 692 4100 plurumos
716 4026 828 4091 docuit;
846 4025 965 4101 fuitque
976 4023 1230 4101 familiarissimus
1255 4021 1357 4080 Ouidio

197 4112 292 4181 poetae
307 4113 334 4163 et
352 4103 449 4164 Clodio
468 4105 568 4163 Le'cino
589 4106 733 4164 consulari
748 4107 887 4176 baliarica,
901 4107 954 4181 qui
967 4123 1027 4162 eum
1048 4105 1192 4162 admodum
1209 4113 1356 4178 pauperem

204 4188 343 4245 decessisse
358 4187 450 4246 tradit
467 4195 493 4245 et
509 4188 674 4246 liberalitate
694 4207 746 4245 sua
770 4189 862 4262 quoad
880 4188 994 4245 uenerit
1013 4192 1198 4244 materiatum.
1249 4185 1287 4243 In
1311 4185 1356 4244 his

205 4279 273 4326 sunt
290 4286 366 4344 quae
385 4269 415 4325 in
430 4268 497 4327 Ibin
517 4269 658 4344 quadrare
677 4269 837 4339 uideantur,
853 4266 898 4346 (ι)
914 4268 995 4344 quod
1009 4266 1224 4326 Alexandrinus
1239 4266 1356 4326 habitus

205 4361 249 4409 est
264 4369 282 4408 a
295 4349 450 4410 nonnullis.
493 4350 571 4408 Nam
587 4350 647 4409 Ibis
661 4350 692 4408 in
706 4349 844 4425 Cinyphia
858 4351 940 4408 humo
954 4360 1039 4407 natus
1054 4358 1098 4408 est
1112 4349 1168 4428 (Ib.
1182 4347 1262 4428 222),
1274 4349 1356 4425 quod

205 4449 259 4507 pro
273 4430 371 4490 AfrIca
384 4449 437 4507 per
451 4432 656 4510 synecdochen
673 4433 801 4508 positum
820 4440 902 4507 putat
922 4431 1095 4507 Saluagnius
1115 4430 1194 4488 unde
1205 4432 1356 4506 popularis

206 4513 233 4571 ei
255 4513 348 4571 leaerm
371 4513 482 4572 dicatur
504 4512 605 4593 (501);
628 4510 672 4592 (a)
688 4513 768 4589 quod
789 4512 935 4589 Hyginus,
957 4522 988 4571 ut
1008 4522 1069 4572 erat
1090 4512 1248 4572 Alexandri
1269 4511 1356 4588 Poly·

205 4592 321 4654 historis
335 4595 469 4669 imitator,
484 4595 620 4655 historias
642 4596 703 4654 siue
724 4593 836 4654 fabulas
857 4593 1070 4672 mythologicas
1084 4593 1264 4671 conscripsit,
1279 4609 1356 4670 quae

757 4677 778 4734 b
795 4695 809 4733 2
