3296 5210
332 445 390 504 164
742 441 1090 505 COMMENTARIVS.

328 597 366 653 ite
376 596 464 669 sodes
483 613 516 652 as
536 615 555 652 a
575 598 672 654 brand.
764 601 913 668 606.61ο,
936 599 1054 655 absente
1075 608 1112 664 te,
1134 615 1188 652 nec
1208 589 1316 653 sciente
1339 589 1418 652 unde
1435 603 1489 650 tua

331 685 409 724 mors
428 668 532 724 ueniat.
570 670 705 724 Precatur
728 679 759 725 ut
785 668 844 726 Ibis
868 687 919 741 per
942 670 1069 740 magicas
1094 669 1260 724 deuotiones
1284 678 1391 737 pereat.
1429 669 1488 721 ‘So

329 757 399 809 may
417 757 435 794 a
454 739 610 794 tire-brand
627 739 724 795 kindle
743 742 794 810 thy
810 739 1007 810 funeral-pile!
1104 743 1175 794 603.
1193 743 1349 794 Phasiaca
1368 739 1488 805 Colcha,

331 827 389 880 quo
401 811 541 865 uocabulo
559 826 664 865 corona
680 821 709 866 et
727 810 849 866 Medeae
866 811 954 866 fuisse
970 820 999 866 et
1017 820 1159 865 uenenato
1174 810 1356 879 significatur.
1408 810 1487 876 Hyg.

332 893 365 949 25
390 881 472 935 Huic
495 881 614 950 (Iasoni)
641 882 730 936 Creon
754 882 1000 1006 Mmoeceiffus
1022 899 1076 935 reu
1099 881 1264 936 Corinthius
1278 881 1378 951 filiam
1402 895 1489 932 suam

331 952 469 1006 minorem
491 953 615 1006 Glaucen
635 952 713 1007 dedit
733 955 856 1007 uxorem.
938 953 1004 1006 edea
1027 967 1090 1006 eum
1115 953 1191 1007 uidit
1213 969 1242 1006 se
1264 968 1333 1022 erga
1356 950 1490 1003 Iasonem

331 1021 398 1076 beno
414 1028 562 1076 merentem
584 1029 666 1078 tanto
687 1023 855 1080 contumelia
872 1040 928 1077 esse
946 1024 1072 1094 affictam
1089 1040 1220 1078 coronam
1238 1039 1275 1076 ex
1290 1022 1406 1075 uenenis
1415 1020 1492 1091 fecit

330 1109 450 1146 auream
462 1110 577 1162 eantque
593 1095 707 1148 muneri
714 1094 873 1164 filiossuos
886 1095 971 1147 iussit
986 1110 1120 1148 neumae
1135 1095 1210 1148 dore.
1249 1093 1355 1147 Creusa
1371 1106 1490 1144 munere

330 1165 440 1232 accepto
460 1180 524 1218 cum
542 1164 642 1230 Iasone
662 1170 690 1218 et
708 1164 824 1219 Creonte
843 1163 1038 1236 conflagrauit.
1078 1163 1216 1235 Naphtha
1230 1163 1387 1222 delibutam
1408 1178 1488 1216 coro·

332 1250 400 1288 nam
417 1233 470 1288 rati
487 1245 552 1288 sunt
572 1235 737 1290 Plutarchus
754 1235 832 1289 Alex.
846 1253 918 1289 xxxv
935 1245 963 1290 et
982 1234 1084 1288 Suidas
1102 1252 1123 1289 s.
1135 1252 1161 1289 u.
1175 1233 1281 1302 Μήδεια.
1312 1230 1487 1302 (Muncker.)

332 1319 502 1368 conpressa
519 1310 568 1360 est
586 1304 658 1360 ‘was
678 1306 816 1393 crushedf
835 1322 900 1360 cum
922 1304 1007 1375 capiti
1030 1305 1196 1360 adhaereret
1216 1303 1379 1358 immobilis.
1417 1305 1486 1357 Eur.

334 1374 412 1429 Med.
435 1390 503 1444 1190
525 1374 616 1446 Φειίγει
640 1373 663 1429 δ’
683 1375 802 1430 ἀναστᾶσ
831 1376 860 1429 ἐκ
881 1376 980 1444 θρόνων
1000 1375 1144 1445 πυρουμένῃ
1166 1374 1276 1428 Σείουσα
1294 1374 1385 1445 χαίτην
1407 1373 1488 1444 κρᾶτά

330 1442 355 1500 τ’
368 1443 460 1498 ἄλλοτ’
470 1446 580 1515 ἀλλοσε,
592 1444 682 1516 ‘Pidrou
698 1446 814 1501 θέλουσα
832 1445 971 1516 στέφανον·
990 1445 1050 1499 ἀλλ’
1066 1446 1225 1517 ἀραρότως
1240 1443 1375 1513 Σθνδεσμα
1386 1445 1489 1513 χρυσὸς

332 1510 395 1586 κίχε,
414 1520 466 1586 πῦρ
483 1512 507 1569 d’
519 1516 573 1571 ε’πεί
592 1513 804 1587 κόμηνἝσεισε,
821 1519 924 1584 μᾶλλον
942 1517 981 1572 δίς
997 1519 1082 1573 τόσως
1097 1513 1121 1570 τ’
1133 1516 1273 1585 ἐλάμπετο.
1310 1513 1369 1570 Sed
1387 1531 1488 1568 uerum

330 1597 427 1657 potest
451 1603 515 1642 esse
539 1603 714 1652 oonprense
738 1587 821 1642 ‘took
843 1587 910 1656 fire‚'
930 1586 1007 1658 quod
1029 1587 1065 1642 de
1089 1587 1183 1642 subito
1208 1585 1331 1640 incensis
1357 1583 1487 1655 usurpari

330 1657 463 1727 probauit
487 1657 623 1713 Heinsius
643 1676 679 1713 ex
701 1656 760 1713 Liu.
783 1658 854 1713 xxvi.
874 1671 917 1726 27,
937 1660 976 1712 M.
995 1657 1029 1713 ix.
1048 1671 1107 1727 235.
1174 1663 1277 1723 nupta
1298 1657 1407 1712 Glauce
1426 1655 1488 1710 siue

331 1729 449 1783 Creusa
543 1731 614 1783 604.
632 1735 723 1794 pater
737 1730 838 1784 Creon.
897 1733 1016 1783 domus
1050 1731 1172 1798 Hyg.25
1186 1729 1289 1782 Medea
1300 1728 1350 1780 ubi
1361 1725 1487 1795 regiam

331 1799 432 1853 ardere
451 1799 534 1868 undet,
553 1805 635 1854 notos
652 1816 717 1854 suos
733 1817 771 1853 ex
785 1800 886 1853 Iasone
903 1801 1079 1853 Mermerum
1097 1805 1125 1853 et
1141 1799 1287 1854 Pheretem
1304 1798 1445 1867 interfecit
1461 1802 1490 1850 et

328 1870 463 1940 profugit
485 1870 626 1924 Corintho.
734 1873 805 1924 605.
833 1887 926 1925 eruor
949 1868 1034 1924 Nessi
1058 1869 1199 1924 Centauri.
1254 1872 1342 1924 abiit.
1374 1868 1489 1922 Eodem

333 1957 419 1993 sensu
432 1940 468 1994 de
483 1941 606 1995 Hercule
619 1939 757 1996 moriente
772 1943 813 1995 M.
825 1941 861 1995 ix.
878 1941 924 1995 161
939 1941 1068 1995 Incaluit
1081 1942 1128 1995 uis
1145 1941 1199 1994 illo
1217 1941 1296 2008 mali,
1309 1940 1489 2007 resolutaque

324 2009 457 2080 flammis
467 2011 622 2065 Herculeos
639 2011 722 2066 abiit
739 2012 797 2066 iate
813 2012 917 2082 diffuso
931 2016 986 2081 per
998 2017 1087 2066 artus.
1124 2012 1299 2081 Absorptum
1317 2010 1398 2064 uenis
1411 2010 1488 2062 uirus

332 2080 480 2149 sanguinis
493 2081 569 2135 dicit.
601 2083 704 2137 Trach.
718 2082 778 2151 832,
792 2095 808 2150 3
823 2083 895 2149 Χρίει
913 2081 1049 2136 θολοποιὸς
1061 2082 1159 2150 ἀνάγκα
1172 2082 1279 2150 Πλευρὰ
1296 2080 1490 2150 προστακέντος

335 2150 385 2204 ἰοῦ.
441 2154 510 2219 607,
523 2156 552 2208 Β.
569 2155 778 2207 Penthfladen
791 2153 814 2206 si
828 2170 894 2207 uere
907 2153 1021 2207 tradunt
1036 2154 1122 2220 MSS,
1135 2151 1246 2206 uidetur
1259 2151 1283 2205 is
1295 2168 1331 2205 ex
1344 2150 1487 2206 Penthila-

335 2222 436 2275 darum
457 2221 544 2277 fuisse
566 2222 661 2293 stirpe,
684 2223 730 2294 qui
755 2224 885 2278 Penthilo
906 2223 964 2277 filio
985 2223 1094 2278 Orestis
1113 2223 1166 2278 orti
1187 2222 1271 2278 Lesbi
1290 2222 1318 2276 in
1341 2221 1489 2291 Mitylenis

334 2292 514 2361 tyrannidem
534 2295 711 2349 exercebant.
754 2295 870 2349 Aristot.
892 2294 974 2348 Polit.
992 2312 1017 2349 v.
1040 2308 1073 2348 10
1093 2293 1196 2346 Πολλοὶ
1220 2293 1248 2347 δὲ
1273 2294 1313 2346 καὶ
1334 2293 1377 2346 διὰ
1401 2293 1432 2345 τὸ
1454 2292 1489 2349 εἷς

334 2365 365 2416 τὸ
384 2368 459 2430 σῶμα
479 2363 624 2433 αἰκισθῆναι
643 2367 754 2435 πληγαῖς
772 2364 937 2434 ὀργισθέντες
954 2366 979 2417 oi
995 2364 1042 2434 μέν
1060 2363 1210 2435 διέφθειραν
1228 2365 1252 2416 ol
1272 2363 1300 2416 δὲ
1321 2363 1490 2454 ἐνεχείρησαν

333 2434 369 2489 ὣς
393 2433 568 2503 ὑβρισθέντες,
592 2435 634 2488 καὶ
656 2440 708 2489 τῶν
731 2437 790 2504 περί
813 2436 860 2490 τὰς
880 2435 962 2506 ἀρχὰς
983 2436 1023 2489 καί
1043 2437 1183 2500 βασιλικὰς
1204 2434 1362 2503 δυναστείας,
1385 2455 1441 2487 οιον
1461 2434 1490 2486 έν

334 2504 470 2573 Μιτυλήνῃ
488 2505 548 2560 τοὺς
566 2503 726 2561 Πενθαλίδας
751 2507 889 2576 Μεγακλῆς
907 2509 1051 2576 περιιόντας
1072 2506 1114 2558 καί
1134 2505 1275 2560 τύπτοντας
1294 2507 1350 2559 ταῖς
1371 2502 1490 2571 κορύναις

335 2575 484 2645 ἐπιθέμενος
501 2576 565 2644 μετὰ
585 2581 637 2630 τῶν
657 2576 744 2644 φίλων
764 2575 873 2643 ἀνεῖλεν,
896 2577 938 2630 καί
958 2575 1068 2646 ὕστερον
1089 2576 1196 2646 Σμέρδις
1215 2577 1269 2643 πλη
1288 2577 1318 2629 ds
1339 2577 1431 2636 λαβὼν
1449 2576 1490 2628 καί

335 2647 406 2716 παρὰ
430 2649 475 2714 τῆς
496 2647 613 2714 γυναικὸς
633 2645 798 2713 ἐξελκυσθεὶς
819 2646 972 2716 διέφθειρεν.
1016 2647 1057 2701 Cf.
1080 2648 1150 2701 Plut
1174 2647 1210 2702 de
1232 2598 1341 2701 Sedere
1364 2645 1488 2700 Animal.

333 2717 398 2786 984,
425 2716 543 2771 Conuiu.
569 2716 695 2787 Sapient.
721 2717 778 2785 163.
825 2718 883 2771 Sed
905 2719 1064 2786 Lycurgum
1088 2717 1212 2788 aliquem
1233 2717 1306 2771 inter
1326 2717 1380 2770 hos
1402 2716 1490 2770 fuisse

334 2803 394 2841 non
412 2786 529 2856 reperio.
569 2788 700 2842 Ceterum
719 2787 879 2842 Aristotelis
898 2787 1011 2842 codices
1032 2788 1188 2842 πενθαλίδας
1205 2790 1251 2842 uel
1268 2787 1424 2842 πευταλίδος
1442 2804 1490 2841 ex·

336 2857 445 2924 hibent,
464 2856 541 2928 quod
563 2875 632 2913 sane
655 2858 693 2912 ad
718 2858 943 2912 Penthiladen
966 2857 1190 2913 Pentheliden
1214 2857 1415 2913 Penteliden
1437 2857 1490 2923 (sic

337 2927 414 2982 enim
433 2929 569 2998 scriptum
585 2938 628 2982 est
644 2927 672 2981 in
693 2928 783 2983 Ibidis
796 2928 952 2997 codicibus)
965 2929 1092 2998 proxime
1105 2929 1224 2984 accedit.
1262 2931 1324 2982 Iam
1342 2928 1489 2982 Penthilus

339 2998 412 3052 filius
435 2999 575 3068 Erigones
594 2999 695 3067 (Tzetz.
716 3000 753 3054 ad
774 2998 953 3068 Lyc.1374):
979 2999 1104 3069 Erigone
1122 3009 1218 3054 autem
1236 2999 1300 3067 alia,
1319 2997 1377 3053 filia
1397 2998 1490 3067 Icarii,

337 3069 422 3138 paulo
435 3079 499 3136 post
513 3068 654 3124 inducitur
664 3068 754 3138 (613):
772 3087 828 3139 quo
842 3070 888 3123 filo
898 3069 1039 3124 interdurn
1050 3080 1235 3124 conectuntur
1245 3069 1335 3124 Ibidis
1344 3069 1489 3124 historiae.

339 3137 468 3192 Historia
489 3155 662 3209 quamquam
686 3139 776 3210 periit,
801 3139 893 3210 potuit
920 3139 1081 3195 huiusmodi
1109 3140 1242 3210 aenigma
1263 3140 1380 3194 subesse
1392 3159 1400 3206 ;
1425 3139 1490 3194 talis

337 3207 386 3263 teli
406 3209 490 3276 plaga
511 3219 539 3263 te
561 3219 675 3265 maneat
695 3210 786 3280 qualis
809 3212 976 3280 Lycurgum,
997 3209 1043 3282 qui
1066 3228 1131 3265 cum
1153 3228 1259 3265 nouum
1277 3227 1367 3279 genus
1390 3210 1439 3265 teli
1461 3210 1490 3263 in

332 3278 1063 3422 mitteret?sttlttttltslttt
1076 3281 1200 3406 luth?
1211 3281 1490 3421 institutit?

333 3430 397 3474 tam
415 3420 557 3474 uocabant
578 3430 651 3476 teste
677 3422 779 3476 Photio
797 3422 825 3476 in
850 3423 914 3477 Lex.
936 3439 958 3477 s.
968 3439 995 3477 u.
1040 3422 1114 3476 Vide
1137 3425 1302 3478 Excursum.
1420 3425 1491 3476 606.

336 3493 447 3544 Milon
488 3492 551 3545 Val.
573 3494 648 3546 Max
670 3491 704 3546 ix.
728 3507 766 3547 12.
786 3508 804 3561 9
825 3495 889 3548 Ext.
916 3493 993 3547 Milo
1018 3493 1200 3562 Crotoniates,
1222 3511 1286 3548 cum
1306 3494 1365 3547 iter
1377 3493 1491 3563 faciens

337 3576 470 3631 quercum
483 3563 515 3614 iu
527 3577 597 3632 agro
607 3562 723 3618 cuneis
736 3563 868 3617 adactis
880 3563 997 3617 fissam
1010 3564 1134 3632 uidisset,
1137 3565 1237 3633 fretus
1249 3564 1366 3632 nimbus,
1379 3565 1494 3618 accessit

334 3631 380 3684 ad
393 3648 463 3698 eom,
481 3633 649 3703 insertisque
666 3634 796 3687 manibus
813 3634 947 3688 diuellere
963 3640 1080 3688 conatus
1097 3641 1157 3689 est:
1179 3652 1252 3704 quas
1269 3635 1355 3688 arbor
1369 3635 1492 3688 excussis

336 3703 432 3756 cuum‘s
448 3703 576 3756 insuam
595 3709 731 3757 naturam
749 3710 881 3759 reuocata
897 3707 1065 3774 compressit,
1079 3721 1197 3775 eumque
1213 3723 1277 3760 cum
1296 3711 1338 3760 tot
1349 3707 1493 3774 gymnicis

333 3773 443 3844 palmis
464 3774 645 3828 lacerandum
662 3775 738 3843 fens
756 3775 896 3844 praebuit
934 3775 1006 3830 Gell.
1028 3793 1070 3829 xv.
1094 3776 1133 3844 16,
1157 3776 1249 3831 Strab.
1269 3775 1329 3844 263,
1352 3777 1434 3830 Paus.
1456 3775 1491 3830 vi.

342 3857 381 3909 14.
396 3858 419 3898 2.
457 3844 531 3898 Vide
552 3846 654 3913 Mayor
672 3845 709 3898 ad
729 3846 826 3900 quen.
845 3863 870 3900 x.
887 3861 926 3900 10.
997 3847 1096 3901 fissile
1114 3846 1323 3917 ‘wedge-split.’
1360 3846 1426 3900 (11.
1443 3860 1492 3913 144

337 3915 418 3970 Nam
431 3915 526 3985 primi
535 3916 631 3968 cuneis
641 3915 802 3969 scindebant
805 3916 898 3986 fissile
908 3917 1028 3987 lignum.
1065 3919 1136 3972 Aen.
1150 3915 1185 3971 vi.
1202 3919 1248 3971 181
1263 3919 1358 3972 mneis
1369 3922 1396 3970 et
1399 3918 1493 3988 fissile

337 3984 433 4039 robur.
540 3988 607 4039 610.
625 3991 740 4050 eaptus.
779 3987 850 4041 Gell.
869 4005 913 4040 xv.
934 3987 965 4041 16
984 3987 1109 4056 Quercus
1126 3992 1220 4041 autem
1238 3988 1359 4042 induas
1376 3987 1492 4042 diducta

333 4057 442 4125 partes,
453 4071 518 4108 cum
529 4055 585 4123 ille,
598 4058 684 4125 quasi
688 4057 811 4126 perflato
822 4058 971 4127 quoderat
981 4059 1105 4124 comeus,
1118 4075 1221 4111 manus
1231 4059 1362 4126 laxasset,
1371 4064 1494 4112 cessante

340 4126 374 4177 ui
384 4125 470 4178 rediit
480 4127 513 4178 in
525 4131 669 4195 naturam,
683 4127 902 4198 manibusque
920 4128 991 4183 eius
1008 4129 1150 4183 retentis
1167 4128 1374 4199 inclusisque
1392 4131 1493 4184 stn'cta

338 4195 431 4248 denuo
441 4201 469 4248 et
479 4195 593 4250 cohaesa
604 4197 816 4252 dilacerandum
828 4197 1048 4269 hommemsen's
1059 4199 1201 4268 praebuit.
1293 4203 1353 4254 6Π.
1373 4202 1493 4254 Iourus.

341 4266 417 4334 Hyg.
431 4279 481 4333 130
491 4266 563 4320 Cum
572 4267 658 4320 Liber
662 4269 798 4337 paterad
803 4268 928 4323 iornines
936 4275 1005 4323 esset
1011 4270 1162 4339 prouectus,
1173 4274 1206 4324 ut
1215 4286 1333 4324 cuonem
1337 4270 1493 4340 fructuum

339 4337 511 4389 suauitatem
532 4343 617 4407 atque
633 4339 837 4392 iucunditatem
856 4340 1015 4408 ostenderet,
1033 4341 1075 4394 od
1089 4341 1215 4394 Icarium
1234 4346 1262 4394 et
1278 4341 1440 4411 Erigonam
1461 4342 1494 4394 in

340 4403 494 4488 hospitium
507 4407 621 4462 liberale
631 4408 750 4464 deuenit.
775 4411 813 4463 iis
827 4416 919 4466 utrem
932 4411 1051 4480 plenum
1065 4413 1133 4465 uiui
1145 4412 1260 4465 muneri
1268 4411 1345 4465 dedit
1356 4413 1494 4481 iussitque

334 4479 375 4550 ,ut
386 4491 418 4528 cn
430 4476 554 4545 reliquas
566 4484 658 4533 terras
665 4483 867 4551 propagarent.
899 4482 1011 4535 Ican‘us
1018 4482 1152 4551 plaustro
1164 4487 1278 4536 onerato
1289 4499 1353 4536 cum
1365 4482 1494 4552 Erigone

340 4545 402 4612 (ilc'a
426 4552 453 4600 et
473 4563 540 4600 cane
561 4550 663 4606 Maera
683 4552 715 4606 in
736 4556 843 4609 terram
864 4551 992 4609 Atticam
1014 4553 1055 4608 od
1069 4555 1200 4624 pastores
1219 4553 1332 4609 deuenit
1355 4558 1383 4607 et
1400 4569 1494 4624 genus
