3296 5210
583 467 931 531 COMMENTARIVS.
1276 475 1333 530 153

177 629 370 701 Amphionem
390 628 429 685 ὅτι
447 628 475 684 ἒν
493 628 570 701 διόδῳ
589 627 603 696 ἢ
624 627 663 683 ὅτι
682 629 750 698 ἀμφὶ
769 628 830 682 ὁδὸν
847 627 925 681 αὐτὸν
941 627 1025 681 ἔτεκεν
1043 627 1133 681 idest
1149 628 1283 697 quonlam
1301 630 1334 682 in

178 703 255 756 binio
273 720 335 756 eam
350 702 446 756 edidit.
482 703 535 770 qui
545 705 698 770 postquam
714 706 832 754 matrem
849 703 1029 768 agnouerunt
1039 699 1145 753 Dircen
1162 700 1203 752 ad
1216 707 1334 754 taurum

177 773 350 826 indomitum
362 773 515 843 deligatam
534 773 597 825 uita
609 773 779 841 primarium.
851 773 1017 834 inpenosa
1048 769 1235 839 Prop.iii.15.
1253 785 1283 837 13
1302 771 1330 825 A

177 845 308 912 quotiens
329 844 447 913 pulcros
476 845 549 896 ussit
575 845 675 913 regma
704 840 814 911 (Dirce)
844 841 962 910 capillos
989 839 1148 909 (Antiopes)
1174 842 1334 911 Molliaque
1422 899 1424 904 ,

178 916 294 967 inmites
301 915 375 984 finit
386 916 417 967 in
430 930 481 967 ora
494 929 603 967 manus.
639 912 667 966 A
682 914 809 983 quotiens
817 913 965 980 famulam
975 913 1073 982 peusis
1084 913 1216 965 annauit
1226 913 1334 981 c'niqnis

178 985 222 1038 Et
239 988 326 1054 caput
343 987 375 1038 iu
392 985 468 1038 dura
479 988 585 1055 ponere
601 985 685 1038 iussit
699 983 793 1037 huma.
830 984 920 1052 Saepe
932 982 1014 1035 illam
1028 983 1175 1037 inmundis
1188 986 1276 1053 passa
1293 987 1335 1036 est

179 1055 309 1108 lcabc'tare
330 1056 455 1123 tenebris,
480 1056 568 1109 Vilem
592 1055 704 1108 ieiunae
726 1057 807 1124 saepe
830 1054 948 1134 negauit
968 1070 1081 1122 aquam.
1159 1057 1237 1118 Lyci
1258 1052 1333 1122 regis

179 1126 384 1180 Thebanorum
396 1125 527 1196 Apollod.
541 1125 578 1179 iii.
594 1137 615 1193 5.
633 1137 654 1194 5.
692 1124 777 1178 Varie
796 1125 900 1178 tradita
918 1133 960 1178 est
979 1123 1105 1191 historia,
1118 1133 1148 1178 ut
1166 1141 1200 1178 ex
1217 1124 1332 1193 Hygino

181 1197 237 1264 7,8
256 1206 382 1265 apparet.
454 1200 522 1252 537.
543 1199 654 1261 paelex
671 1199 776 1249 inuita
796 1197 914 1249 sarone
934 1193 1091 1248 Philomela
1112 1211 1198 1264 quam
1217 1197 1332 1262 Tereus,

181 1266 300 1320 maritus
324 1268 447 1322 Procnes
469 1267 573 1320 sororis
595 1265 664 1334 eius,
682 1267 806 1319 inuitam
828 1267 859 1317 in
879 1270 967 1317 marte
987 1267 1148 1335 compressit
1170 1265 1257 1334 (Hyg.
1278 1264 1334 1334 45),

180 1337 403 1408 Luctantemque
426 1338 513 1407 loqui,
534 1341 725 1407 comprensam
740 1338 853 1406 forcipe
875 1337 1014 1406 linguam,
1036 1336 1168 1390 Abstulit
1189 1353 1251 1389 ense
1266 1337 1334 1406 sero

182 1409 236 1476 (M.
248 1407 284 1462 vi.
299 1421 312 1477 5
317 1408 370 1477 56).
406 1411 488 1462 Haec
500 1409 537 1462 ab
552 1407 667 1477 Hygino
675 1407 780 1476 paelex
794 1408 881 1474 Terei,
894 1407 931 1460 ab
945 1405 1049 1460 Ouidio
1058 1406 1162 1476 paelex
1171 1409 1277 1461 sororis
1289 1407 1333 1461 bis

181 1489 301 1533 uocatur
315 1481 368 1546 (M.
382 1478 418 1533 vi.
433 1492 446 1547 5
450 1492 491 1547 37,
505 1479 577 1548 606).
665 1481 735 1532 538.
753 1482 827 1532 ante
839 1480 934 1542 pedes
946 1482 1019 1531 tuos
1031 1486 1059 1531 te
1072 1476 1134 1545 ipso
1147 1476 1331 1546 inspectante.

181 1552 254 1612 539,
266 1552 337 1604 540.
357 1549 464 1631 Recepi
477 1548 706 1603 emendationem
721 1547 869 1618 Leopardi‚
880 1547 932 1601 etsi
947 1547 1077 1601 codicum
1090 1547 1258 1617 scripturam
1271 1547 1332 1617 ipse

181 1629 290 1674 tutatus
307 1620 415 1674 fueram
434 1637 463 1674 rn
483 1620 583 1674 Diario
602 1618 776 1688 Philologiae
797 1617 958 1687 Cantabrig.
976 1617 1023 1672 vii.
1042 1634 1090 1687 pp.
1104 1630 1164 1686 252,
1184 1633 1209 1686 3.
1255 1620 1333 1673 Fons

181 1690 243 1744 uitii
257 1691 431 1760 incorrupta
446 1708 517 1745 uoce
529 1692 602 1745 lesus
619 1689 695 1759 quod
713 1706 812 1743 uerum
830 1706 888 1742 non
906 1706 970 1742 esse
986 1687 1091 1741 indicio
1108 1697 1151 1743 est
1164 1689 1243 1757 leius,
1256 1690 1334 1759 quod

182 1761 271 1816 habet
291 1761 439 1816 Conradus
458 1762 494 1816 de
514 1763 605 1816 Mure.
678 1764 830 1815 Conditor
847 1763 957 1814 tardae
977 1762 1077 1824 cyrae
1095 1769 1138 1813 est
1158 1761 1267 1828 Battus,
1285 1760 1332 1830 qui

184 1833 312 1900 Cyrenas
337 1831 472 1900 condidit,
495 1832 546 1887 sed
570 1841 635 1901 post
659 1833 763 1885 multos
788 1846 879 1884 annos
904 1829 1005 1900 quibus
1031 1830 1059 1884 in
1084 1829 1178 1884 uarias
1202 1829 1333 1900 regiones

182 1903 260 1956 orbis
281 1901 432 1972 diuagatus
453 1912 505 1971 est,
524 1913 554 1956 ut
574 1913 689 1956 narrant
711 1901 874 1956 Herodotus
893 1900 929 1954 iv.
946 1901 1074 1970 153-158,
1095 1901 1219 1955 lustinus
1238 1901 1293 1954 xiii.
1308 1914 1333 1968 7.

183 1976 252 2028 539.
278 1977 438 2029 Conditor.
483 1973 581 2028 lustin.
601 1973 657 2027 xiii.
676 1986 692 2039 7
714 1973 818 2042 Cyrene
841 1973 953 2026 condita
968 1973 1035 2042 snit
1058 1972 1094 2024 ab
1113 1972 1255 2040 An'staeo,
1281 1972 1334 2026 cui

182 2061 307 2098 nomen
325 2047 425 2098 Batto
441 2054 579 2113 propter
595 2044 731 2112 linguae
747 2042 989 2112 obligationem
999 2042 1073 2113 suit.
1112 2043 1218 2097 Herod.
1232 2043 1268 2098 iv.
1285 2043 1335 2112 156

184 2115 353 2185 συγκτίζουσι
370 2117 459 2185 Βάττῳ
476 2114 599 2182 Κυρήνην.
637 2113 782 2169 Heraclid.
800 2116 881 2167 Pont.
900 2131 927 2183 p.
941 2128 991 2166 212
1007 2113 1110 2166 Miiller
1127 2112 1243 2180 Κυρήνην
1255 2110 1334 2185 ᾤκισε

184 2187 290 2240 Βάττος.
346 2189 499 2241 Conditor
512 2189 612 2251 cyrae
625 2184 666 2239 sic
679 2184 786 2239 dictum
799 2184 910 2238 uidetur
923 2193 952 2237 ut
967 2183 1068 2238 Graeci
1082 2201 1139 2236 non
1152 2185 1244 2237 solum
1256 2187 1335 2237 πόλιν

184 2257 284 2322 κτίζειν,
296 2256 347 2310 sed
360 2259 457 2310 κόλπον
466 2258 550 2326 μυχὸν
560 2266 587 2311 et
597 2255 700 2310 similia
709 2255 846 2309 dixerunt.
868 2254 935 2324 (Vit.
948 2253 1086 2308 Herodot.
1095 2253 1135 2321 ii.)
1162 2254 1209 2308 Sic
1220 2260 1335 2309 uastare

183 2328 342 2381 exscindere
359 2326 463 2381 bostem
482 2344 528 2396 ap.
546 2326 685 2381 Tacitum.
721 2325 850 2395 (Shilleto
869 2325 906 2378 ad
926 2326 1014 2379 Thuc.
1028 2324 1055 2378 ii.
1068 2324 1123 2393 61.)
1161 2325 1225 2379 Pari
1248 2326 1334 2380 modo

185 2397 293 2452 Statius
312 2400 340 2453 S.
355 2397 389 2452 iv.
403 2412 428 2465 3.
442 2411 475 2464 72
490 2399 662 2467 Camporum
674 2397 741 2450 bone
752 2397 881 2451 conditor
890 2411 1015 2448 meomm
1031 2394 1100 2449 dixit
1118 2396 1153 2450 de
1168 2395 1334 2450 Domitiano

183 2469 355 2523 Vultumum
374 2470 456 2522 alueo
476 2468 638 2522 continente
657 2477 685 2522 et
704 2476 820 2536 pontem
840 2483 924 2535 super
943 2475 1075 2520 struente.
1155 2469 1265 2520 tardem
1284 2468 1334 2521 Se-

184 2539 310 2592 cundum
322 2539 501 2593 Herodotum
511 2541 611 2592 Battus
625 2555 689 2593 cum
703 2536 839 2592 Theraeis
854 2538 970 2590 Platean
983 2553 1034 2617 per
1046 2535 1117 2590 duos
1131 2554 1229 2606 annos,
1239 2537 1334 2591 Azirin

183 2626 235 2679 per
257 2627 306 2664 sex
326 2609 468 2664 incolebat
490 2610 654 2679 priusquam
677 2608 705 2663 in
726 2607 911 2677 Cyrenaicam
930 2616 1007 2660 uenit
1027 2605 1234 2677 (ἰν.157,158).
1276 2609 1335 2663 Sed

184 2690 212 2734 et
231 2690 297 2750 post
316 2691 464 2751 acceptum
483 2697 501 2734 a
519 2680 620 2749 Pythia
638 2695 885 2748 responsumque
903 2677 971 2731 iussi
991 2686 1070 2731 erant
1083 2677 1209 2732 Africam
1228 2688 1333 2748 petere,

184 2751 363 2805 interiectum
387 2761 500 2820 tempus
521 2750 615 2819 fuisse,
638 2767 691 2804 nec
716 2748 813 2804 statim
837 2765 897 2802 rem
921 2748 1073 2816 adgressos
1098 2747 1183 2802 tradit
1208 2749 1333 2804 Iustinus

183 2821 240 2875 xiii.
252 2835 278 2888 7.
343 2824 483 2876 Blaesus.
516 2821 563 2876 Sic
576 2824 707 2875 Romano
720 2819 835 2875 nomine
848 2829 931 2873 uocat
944 2820 1072 2886 Battum,
1086 2828 1232 2889 tamquam
1245 2819 1334 2890 ἰσχνό-

80 2915 84 2922 ·
184 2894 274 2961 φονον
292 2894 333 2946 καὶ
351 2895 464 2962 τραυλὸν
477 2893 597 2962 (Herod.
612 2892 646 2946 iv.
663 2890 733 2960 155).
771 2890 896 2958 Hesych.
913 2891 1009 2944 Βάττος
1025 2892 1126 2951 Λίβυες·
1148 2891 1335 2957 τρσυλόφωνος

185 2962 360 3032 ἰσχνόφωνος.
404 2964 476 3017 Orta
493 2962 605 3016 uidetur
622 2963 693 3017 haec
712 2959 905 3031 interpretatio
924 2959 1046 3014 nominis
1065 2977 1100 3013 ex
1119 2961 1232 3014 oraculo
1251 2959 1334 3030 Βάττ’,

184 3034 227 3086 ἐπὶ
245 3034 334 3103 φωνὴν
352 3031 444 3100 ἤλθετε
470 3050 642 3103 quamquam
663 3050 762 3087 reuera
779 3034 885 3086 Battus
904 3031 1040 3100 Libycum
1061 3048 1166 3085 nomen
1186 3033 1262 3102 regis
1283 3031 1334 3090 fuit

184 3113 258 3158 teste
272 3104 380 3158 Herod.
393 3103 430 3159 iv.
447 3116 476 3172 15
481 3117 503 3172 5.
577 3107 678 3167 cyrae
690 3103 776 3157 fontis
790 3103 900 3172 (Steph.
912 3105 944 3157 B.
955 3119 975 3156 s.
985 3120 1010 3156 u.
1024 3101 1132 3169 Κυρήνη,
1146 3102 1239 3156 Schol
1252 3102 1334 3159 Pind.

186 3175 270 3243 Pyth.
288 3174 323 3228 iv.
345 3187 403 3243 523,
427 3175 537 3229 Callim.
556 3176 594 3228 H.
613 3175 705 3244 Apoll.
725 3174 759 3228 88
778 3183 806 3227 et
825 3173 932 3242 Schol.)
952 3174 998 3227 uel
1016 3172 1121 3227 montis
1141 3173 1222 3241 (lust.
1241 3172 1296 3227 xiii.
1317 3187 1333 3240 7

179 3247 276 3316 pulsis
299 3247 400 3299 accolis
423 3251 543 3299 mantem
569 3246 664 3316 Cyran
687 3250 715 3298 et
732 3248 854 3315 propter
875 3245 1071 3298 amoenitatem
1094 3245 1151 3298 loci
1168 3250 1197 3298 et
1215 3248 1338 3314 propter

175 3318 273 3387 sontis
290 3316 442 3369 ubertatem
460 3314 638 3385 occupauere)
658 3315 687 3368 in
706 3331 762 3384 quo
783 3314 898 3368 condita
919 3324 962 3368 est
982 3316 1099 3382 Cyrene.
1139 3315 1222 3384 Quod
1243 3316 1336 3386 Cyrae

185 3386 278 3456 priore
297 3387 406 3455 syllaba
425 3386 563 3456 producta
580 3386 683 3456 posuit,
702 3385 731 3439 id
750 3403 808 3439 non
826 3403 861 3438 ex
879 3385 988 3439 Callim.
1007 3386 1044 3439 H.
1057 3386 1150 3454 Apoll.
1164 3387 1197 3440 88
1217 3403 1334 3441 excuses

187 3457 266 3525 (nam
285 3456 323 3510 ibi
343 3457 524 3511 scribendum
542 3467 584 3511 est
606 3474 671 3510 cum
694 3458 729 3511 O.
750 3455 924 3510 Schneidero
944 3473 978 3510 ex
998 3455 1112 3509 Pindari
1133 3456 1227 3510 Schol.
1248 3459 1277 3512 P.
1298 3457 1332 3512 iv.

187 3540 237 3597 523
255 3529 286 3580 Oi
305 3525 327 3580 δ’
347 3531 416 3581 οὔπω
434 3528 535 3595 πηγῇσι
552 3525 636 3597 Κάρης
652 3525 773 3580 ἐδύναντο
787 3529 930 3591 πελάσσαι,
949 3542 1006 3580 non
1022 3527 1105 3596 πηγῇς
1121 3526 1214 3594 (codd.
1232 3528 1334 3597 πηγῆς),

185 3599 237 3652 sed
258 3615 293 3652 ex
314 3597 375 3667 pari
397 3597 587 3652 inconstantia
609 3615 664 3668 qua
685 3597 787 3665 Κυρήνη
808 3597 929 3666 primam
948 3596 1087 3664 syllabam
1105 3597 1192 3650 modo
1209 3598 1333 3667 longam,

185 3669 272 3722 modo
295 3678 454 3738 correptam
473 3669 568 3736 habet,
588 3678 617 3723 ut
640 3667 728 3722 fusius
750 3668 833 3721 docet
856 3666 1046 3721 Schneiderus
1066 3666 1094 3719 in
1116 3667 1168 3720 loc.
1262 3671 1335 3724 540.

186 3739 354 3793 Notandum
366 3739 467 3808 triplex
480 3755 565 3793 sonus
578 3741 618 3806 in,
632 3738 708 3809 quod
720 3738 749 3792 in
763 3737 868 3794 Ouidio
884 3754 952 3791 sane
970 3736 1068 3791 rarius.
1104 3737 1150 3790 Ad
1163 3738 1334 3792 sententiam

185 3809 315 3865 similiter
335 3810 503 3879 Lycophron
526 3809 561 3864 de
582 3811 714 3864 Menelao
733 3810 776 3863 Al.
795 3810 847 3876 823
866 3808 962 3862 Ποίους
980 3806 1117 3875 θαλάσσης
1139 3808 1182 3860 οὐκ
1203 3807 1334 3878 ἐρευνήσει

185 3880 283 3950 μυχούς
290 3902 298 3943 ;
321 3881 404 3933 Ποίαν
423 3881 451 3932 δὲ
468 3879 565 3950 χέρσον
583 3881 628 3933 οὒκ
647 3879 794 3949 άνιχνεύσει
812 3881 915 3947 μολῶν;
935 3878 998 3933 Val.
1018 3880 1050 3933 F.
1066 3877 1101 3932 iv.
1115 3891 1166 3944 447
1185 3880 1245 3932 Nec
1263 3878 1338 3932 milti
1419 3895 1424 3906 '

185 3952 306 4005 diuersis
329 3956 457 4004 erratum
481 3951 589 4005 casc'bus
613 3951 703 4004 orbem
726 3951 858 4004 Amissus
881 3954 935 4003 aut
948 3949 1023 4018 flere
1045 3949 1141 4003 domos
1163 3954 1217 4002 aut
1239 3949 1335 4003 dulcia

185 4026 295 4092 tempus
306 4023 439 4075 Lumina.
546 4025 612 4076 541.
632 4021 714 4075 ‘And
727 4023 787 4075 that
800 4021 849 4075 the
861 4021 934 4088 busy
947 4022 1005 4074 Bee
1018 4019 1047 4073 in
1060 4020 1098 4073 th'
1112 4021 1188 4089 Eyes
1201 4019 1246 4074 hir
1257 4021 1334 4074 hurt-

185 4093 234 4146 iull
248 4092 340 4162 stinge
353 4109 419 4161 may
432 4090 521 4146 sticke
534 4111 539 4146 :
558 4093 598 4146 As
612 4091 678 4146 with
691 4093 739 4146 the
752 4094 831 4146 same
849 4091 878 4145 in
895 4091 978 4145 times
995 4108 1066 4160 agoe
1079 4091 1147 4159 they
1159 4090 1208 4144 did
1221 4092 1334 4144 Acheus

186 4163 300 4234 priska?
327 4165 360 4217 T.
369 4161 559 4217 Vnderdown.
630 4165 743 4231 opifex,
762 4163 910 4232 ἐργοφόρος
927 4161 988 4216 Ael.
1010 4163 1047 4216 H.
1060 4162 1093 4215 A.
1107 4180 1133 4216 v.
1146 4176 1189 4227 42.
1227 4161 1335 4215 Nescio

185 4251 222 4287 an
234 4251 324 4302 genus
336 4250 422 4303 apum
435 4233 563 4288 siluestre
575 4233 728 4303 respexerit
740 4250 812 4303 quae
829 4234 918 4286 nculto
934 4233 1127 4286 iracundiores
1142 4232 1193 4286 sed
1205 4236 1286 4302 opere
1303 4249 1337 4286 ac

185 4305 278 4358 labore
288 4309 467 4374 praestantes
479 4304 610 4358 dicuntur
621 4322 639 4358 a
653 4303 743 4358 Plinio
756 4302 792 4358 xi.
804 4316 844 4372 59.
875 4302 991 4357 Aristot.
1003 4305 1041 4357 H.
1050 4304 1084 4356 A.
1095 4302 1130 4357 ix.
1140 4317 1176 4370 40
1185 4303 1210 4355 al
1222 4302 1273 4356 ἀπὸ
1284 4307 1335 4356 τῶν

185 4375 318 4443 ὑλονόρων
331 4373 469 4444 δασάτεροι
481 4376 523 4427 καὶ
538 4376 660 4429 ἐλάττους
678 4375 719 4427 καὶ
737 4375 932 4444 ἐργοτικώτεραι
950 4374 990 4426 καὶ
1008 4374 1195 4442 χαλεπώτεραι.
1266 4378 1333 4428 uati

185 4449 270 4509 quod
286 4449 362 4500 feeit
381 4444 427 4499 ‘as
449 4445 470 4498 it
489 4445 599 4499 treated
619 4447 668 4500 the
690 4447 769 4500 seer.'
806 4445 848 4499 Cf.
869 4457 927 4512 574.
966 4443 1022 4497 Hic
1043 4443 1154 4498 datiuus
1174 4443 1335 4499 rarissimus

174 4516 287 4571 dicitur
300 4518 429 4585 Dragero
443 4515 518 4570 Hist.
533 4517 612 4584 Synt.
626 4516 642 4570 i.
655 4533 683 4586 p.
696 4528 753 4585 519,
767 4515 815 4585 qui
828 4515 895 4569 citat
909 4516 973 4569 Ter.
986 4514 1074 4568 Andr.
1087 4513 1105 4569 i.
1119 4529 1140 4569 1.
1154 4516 1197 4584 85,
1211 4514 1269 4570 Cic.
1283 4532 1335 4585 pro
1359 4571 1363 4579 ,

187 4588 268 4643 Caec.
283 4586 319 4642 xi.
332 4601 376 4656 30.
429 4591 556 4644 Achaeo
570 4587 632 4658 quis
645 4587 736 4657 luerit,
750 4587 897 4644 incertum.
935 4585 1111 4641 Scholiastae
1123 4597 1239 4655 poetam
1252 4586 1335 4642 huius
