<?xml version="1.0" encoding="UTF-8"?>
<!DOCTYPE html PUBLIC "-//W3C//DTD XHTML 1.0 Transitional//EN"
    "http://www.w3.org/TR/xhtml1/DTD/xhtml1-transitional.dtd">
<html xmlns="http://www.w3.org/1999/xhtml" xml:lang="en" lang="en">
 <head>
  <title>
</title>
<meta http-equiv="Content-Type" content="text/html;charset=utf-8" />
  <meta name='ocr-system' content='tesseract 3.04.00' />
  <meta name='ocr-capabilities' content='ocr_page ocr_carea ocr_par ocr_line ocrx_word'/>
</head>
<body>
  <div class='ocr_page' id='page_1' title='image "./povidiinasonisi01elligoog_0188.png"; bbox 0 0 3312 5200; ppageno 0'>
   <div class='ocr_carea' id='block_1_1' title="bbox 591 447 1337 510">
    <p class='ocr_par' dir='ltr' id='par_1_1' title="bbox 591 447 1337 510">
     <span class='ocr_line' id='line_1_1' title="bbox 591 447 1337 510; baseline 0.001 -2"><span class='ocrx_word' id='word_1_1' title='bbox 591 447 938 508; x_wconf 85' lang='lat' dir='ltr'><strong>COMMENTARIVS.</strong></span> <span class='ocrx_word' id='word_1_2' title='bbox 1281 453 1337 510; x_wconf 90' lang='lat'>119</span> 
     </span>
    </p>
   </div>
   <div class='ocr_carea' id='block_1_2' title="bbox 182 602 1338 897">
    <p class='ocr_par' dir='ltr' id='par_1_2' title="bbox 182 602 1338 890">
     <span class='ocr_line' id='line_1_2' title="bbox 183 602 1338 676; baseline 0.005 -20"><span class='ocrx_word' id='word_1_3' title='bbox 183 603 331 659; x_wconf 82' lang='lat' dir='ltr'>Theocriti</span> <span class='ocrx_word' id='word_1_4' title='bbox 352 603 406 658; x_wconf 88' lang='lat' dir='ltr'>xvi.</span> <span class='ocrx_word' id='word_1_5' title='bbox 421 618 454 672; x_wconf 87' lang='lat'>34</span> <span class='ocrx_word' id='word_1_6' title='bbox 474 605 488 656; x_wconf 87' lang='grc' dir='ltr'>ό</span> <span class='ocrx_word' id='word_1_7' title='bbox 505 603 640 674; x_wconf 80' lang='grc' dir='ltr'><em>Ἀντιόχοι</em></span> <span class='ocrx_word' id='word_1_8' title='bbox 659 603 841 674; x_wconf 83' lang='grc' dir='ltr'>Ἐχεκρατίδου</span> <span class='ocrx_word' id='word_1_9' title='bbox 861 605 902 658; x_wconf 77' lang='grc' dir='ltr'>καὶ</span> <span class='ocrx_word' id='word_1_10' title='bbox 924 602 1070 672; x_wconf 80' lang='grc' dir='ltr'><em>Δυσὴριδοι</em></span> <span class='ocrx_word' id='word_1_11' title='bbox 1087 605 1141 660; x_wconf 66' lang='grc' dir='ltr'>υίὸς</span> <span class='ocrx_word' id='word_1_12' title='bbox 1159 604 1197 672; x_wconf 74' lang='grc' dir='ltr'>ἢν,</span> <span class='ocrx_word' id='word_1_13' title='bbox 1216 607 1251 661; x_wconf 83' lang='grc' dir='ltr'>ὥς</span> <span class='ocrx_word' id='word_1_14' title='bbox 1267 609 1338 676; x_wconf 85' lang='grc' dir='ltr'><em>φησι</em></span> 
     </span>
     <span class='ocr_line' id='line_1_3' title="bbox 183 674 1336 745; baseline 0.006 -19"><span class='ocrx_word' id='word_1_15' title='bbox 183 676 332 742; x_wconf 71' lang='grc' dir='ltr'>Σιμωνίδης,</span> <span class='ocrx_word' id='word_1_16' title='bbox 351 685 379 729; x_wconf 88' lang='lat' dir='ltr'>et</span> <span class='ocrx_word' id='word_1_17' title='bbox 400 677 552 729; x_wconf 87' lang='lat' dir='ltr'>Anacreon</span> <span class='ocrx_word' id='word_1_18' title='bbox 574 692 623 729; x_wconf 88' lang='lat' dir='ltr'>seu</span> <span class='ocrx_word' id='word_1_19' title='bbox 642 675 705 745; x_wconf 90' lang='lat' dir='ltr'>quis</span> <span class='ocrx_word' id='word_1_20' title='bbox 727 675 798 729; x_wconf 87' lang='lat' dir='ltr'>alius</span> <span class='ocrx_word' id='word_1_21' title='bbox 818 674 1054 744; x_wconf 85' lang='lat' dir='ltr'><strong>epigrammatum</strong></span> <span class='ocrx_word' id='word_1_22' title='bbox 1073 687 1171 730; x_wconf 86' lang='lat' dir='ltr'>auctor</span> <span class='ocrx_word' id='word_1_23' title='bbox 1192 677 1243 733; x_wconf 85' lang='lat' dir='ltr'>fuit</span> <span class='ocrx_word' id='word_1_24' title='bbox 1257 680 1290 733; x_wconf 90' lang='lat' dir='ltr'>A</span> <span class='ocrx_word' id='word_1_25' title='bbox 1306 680 1336 735; x_wconf 95' lang='lat' dir='ltr'>P</span> 
     </span>
     <span class='ocr_line' id='line_1_4' title="bbox 182 745 1337 818; baseline 0.003 -18"><span class='ocrx_word' id='word_1_26' title='bbox 182 745 311 814; x_wconf 84' lang='lat' dir='ltr'>vi.134‚</span> <span class='ocrx_word' id='word_1_27' title='bbox 343 761 391 811; x_wconf 83' lang='lat'>142</span> <span class='ocrx_word' id='word_1_28' title='bbox 422 745 470 799; x_wconf 92' lang='lat' dir='ltr'>ubi</span> <span class='ocrx_word' id='word_1_29' title='bbox 501 745 647 800; x_wconf 90' lang='lat' dir='ltr'>dicitur’</span> <span class='ocrx_word' id='word_1_30' title='bbox 633 748 712 816; x_wconf 80' lang='grc' dir='ltr'><em>αρχὸι</em></span> <span class='ocrx_word' id='word_1_31' title='bbox 743 748 903 802; x_wconf 77' lang='grc' dir='ltr'>θεσσαλίας.</span> <span class='ocrx_word' id='word_1_32' title='bbox 958 748 1107 802; x_wconf 90' lang='lat' dir='ltr'>Praeterea</span> <span class='ocrx_word' id='word_1_33' title='bbox 1138 748 1337 818; x_wconf 89' lang='lat' dir='ltr'>Echecratian,</span> 
     </span>
     <span class='ocr_line' id='line_1_5' title="bbox 182 816 1336 897; baseline 0.003 -27"><span class='ocrx_word' id='word_1_34' title='bbox 182 826 303 870; x_wconf 90' lang='lat' dir='ltr'>matrem</span> <span class='ocrx_word' id='word_1_35' title='bbox 332 818 450 886; x_wconf 87' lang='lat' dir='ltr'>Scopae,</span> <span class='ocrx_word' id='word_1_36' title='bbox 473 816 630 897; x_wconf 86' lang='lat' dir='ltr'>(Scopadis</span> <span class='ocrx_word' id='word_1_37' title='bbox 659 826 755 871; x_wconf 89' lang='lat' dir='ltr'>autem</span> <span class='ocrx_word' id='word_1_38' title='bbox 786 833 936 871; x_wconf 87' lang='lat' dir='ltr'>commune</span> <span class='ocrx_word' id='word_1_39' title='bbox 966 835 1055 886; x_wconf 87' lang='lat' dir='ltr'>genus</span> <span class='ocrx_word' id='word_1_40' title='bbox 1083 835 1148 872; x_wconf 90' lang='lat' dir='ltr'>cum</span> <span class='ocrx_word' id='word_1_41' title='bbox 1178 819 1336 890; x_wconf 82' lang='lat' dir='ltr'>Aleuadis)‚</span> 
     </span>
    </p>
   </div>
   <div class='ocr_carea' id='block_1_3' title="bbox 176 886 1341 2228">
    <p class='ocr_par' dir='ltr' id='par_1_3' title="bbox 176 886 1341 2228">
     <span class='ocr_line' id='line_1_6' title="bbox 183 886 1336 959; baseline 0.003 -19"><span class='ocrx_word' id='word_1_42' title='bbox 183 887 260 941; x_wconf 89' lang='lat' dir='ltr'>idem</span> <span class='ocrx_word' id='word_1_43' title='bbox 278 888 372 942; x_wconf 92' lang='lat' dir='ltr'>Schol</span> <span class='ocrx_word' id='word_1_44' title='bbox 385 888 423 941; x_wconf 89' lang='lat' dir='ltr'>ad</span> <span class='ocrx_word' id='word_1_45' title='bbox 435 886 489 942; x_wconf 92' lang='lat' dir='ltr'>xvi.</span> <span class='ocrx_word' id='word_1_46' title='bbox 509 888 551 955; x_wconf 83' lang='lat'>36.</span> <span class='ocrx_word' id='word_1_47' title='bbox 590 887 647 942; x_wconf 88' lang='lat' dir='ltr'>Sed</span> <span class='ocrx_word' id='word_1_48' title='bbox 665 886 736 940; x_wconf 88' lang='lat' dir='ltr'>nihil</span> <span class='ocrx_word' id='word_1_49' title='bbox 755 887 791 941; x_wconf 93' lang='lat' dir='ltr'>de</span> <span class='ocrx_word' id='word_1_50' title='bbox 809 888 864 940; x_wconf 89' lang='lat' dir='ltr'>hac</span> <span class='ocrx_word' id='word_1_51' title='bbox 885 897 975 942; x_wconf 88' lang='lat' dir='ltr'>morte</span> <span class='ocrx_word' id='word_1_52' title='bbox 993 888 1199 944; x_wconf 90' lang='lat' dir='ltr'>Echecratidae</span> <span class='ocrx_word' id='word_1_53' title='bbox 1216 891 1336 959; x_wconf 80' lang='lat' dir='ltr'>repperi.</span> 
     </span>
     <span class='ocr_line' id='line_1_7' title="bbox 181 957 1337 1039; baseline 0.003 -29"><span class='ocrx_word' id='word_1_54' title='bbox 181 959 228 1010; x_wconf 93' lang='lat' dir='ltr'>An</span> <span class='ocrx_word' id='word_1_55' title='bbox 248 957 423 1039; x_wconf 83' lang='lat' dir='ltr'>significatur</span> <span class='ocrx_word' id='word_1_56' title='bbox 441 960 526 1026; x_wconf 87' lang='lat' dir='ltr'><strong>Eryx,</strong></span> <span class='ocrx_word' id='word_1_57' title='bbox 546 975 630 1028; x_wconf 90' lang='lat' dir='ltr'>quem</span> <span class='ocrx_word' id='word_1_58' title='bbox 651 959 789 1012; x_wconf 88' lang='lat' dir='ltr'>Hercules</span> <span class='ocrx_word' id='word_1_59' title='bbox 808 958 943 1012; x_wconf 90' lang='lat' dir='ltr'>luctando</span> <span class='ocrx_word' id='word_1_60' title='bbox 963 968 1007 1013; x_wconf 90' lang='lat' dir='ltr'>ter</span> <span class='ocrx_word' id='word_1_61' title='bbox 1027 959 1094 1013; x_wconf 93' lang='lat' dir='ltr'>uicit</span> <span class='ocrx_word' id='word_1_62' title='bbox 1113 969 1141 1014; x_wconf 89' lang='lat' dir='ltr'>et</span> <span class='ocrx_word' id='word_1_63' title='bbox 1160 959 1189 1013; x_wconf 91' lang='lat' dir='ltr'>in</span> <span class='ocrx_word' id='word_1_64' title='bbox 1211 960 1337 1015; x_wconf 87' lang='lat' dir='ltr'>Siculum</span> 
     </span>
     <span class='ocr_line' id='line_1_8' title="bbox 182 1028 1337 1112; baseline 0.004 -30"><span class='ocrx_word' id='word_1_65' title='bbox 182 1045 262 1082; x_wconf 91' lang='lat' dir='ltr'>mare</span> <span class='ocrx_word' id='word_1_66' title='bbox 275 1028 488 1098; x_wconf 83' lang='lat' dir='ltr'>praecipitauit?</span> <span class='ocrx_word' id='word_1_67' title='bbox 514 1031 597 1082; x_wconf 87' lang='lat' dir='ltr'>Certe</span> <span class='ocrx_word' id='word_1_68' title='bbox 613 1030 706 1082; x_wconf 85' lang='lat' dir='ltr'>ur&#39;ctus</span> <span class='ocrx_word' id='word_1_69' title='bbox 724 1046 776 1097; x_wconf 92' lang='lat' dir='ltr'>pro</span> <span class='ocrx_word' id='word_1_70' title='bbox 793 1029 913 1098; x_wconf 82' lang='lat' dir='ltr'>quintus</span> <span class='ocrx_word' id='word_1_71' title='bbox 928 1029 1063 1112; x_wconf 86' lang='lat' dir='ltr'>scriptum</span> <span class='ocrx_word' id='word_1_72' title='bbox 1082 1040 1125 1085; x_wconf 90' lang='lat' dir='ltr'>est</span> <span class='ocrx_word' id='word_1_73' title='bbox 1144 1029 1172 1084; x_wconf 92' lang='lat' dir='ltr'>in</span> <span class='ocrx_word' id='word_1_74' title='bbox 1192 1033 1227 1086; x_wconf 91' lang='lat' dir='ltr'>T.</span> <span class='ocrx_word' id='word_1_75' title='bbox 1262 1031 1337 1087; x_wconf 84' lang='lat' dir='ltr'>Vide</span> 
     </span>
     <span class='ocr_line' id='line_1_9' title="bbox 183 1099 1338 1172; baseline 0.003 -19"><span class='ocrx_word' id='word_1_76' title='bbox 183 1101 352 1154; x_wconf 89' lang='lat' dir='ltr'>Excursum.</span> <span class='ocrx_word' id='word_1_77' title='bbox 412 1103 611 1164; x_wconf 69' lang='lat' dir='ltr'>tarquinius</span> <span class='ocrx_word' id='word_1_78' title='bbox 631 1100 744 1169; x_wconf 90' lang='lat' dir='ltr'>quintus</span> <span class='ocrx_word' id='word_1_79' title='bbox 766 1099 893 1153; x_wconf 89' lang='lat' dir='ltr'>decimus</span> <span class='ocrx_word' id='word_1_80' title='bbox 916 1101 985 1155; x_wconf 89' lang='lat' dir='ltr'>Her.</span> <span class='ocrx_word' id='word_1_81' title='bbox 1002 1100 1058 1156; x_wconf 88' lang='lat' dir='ltr'>viii.</span> <span class='ocrx_word' id='word_1_82' title='bbox 1077 1102 1112 1168; x_wconf 82' lang='lat'>48</span> <span class='ocrx_word' id='word_1_83' title='bbox 1134 1119 1152 1154; x_wconf 91' lang='lat' dir='ltr'>a</span> <span class='ocrx_word' id='word_1_84' title='bbox 1169 1102 1239 1154; x_wconf 88' lang='lat' dir='ltr'>Ioue</span> <span class='ocrx_word' id='word_1_85' title='bbox 1255 1105 1338 1172; x_wconf 83' lang='lat' dir='ltr'>quin·</span> 
     </span>
     <span class='ocr_line' id='line_1_10' title="bbox 182 1169 1338 1252; baseline 0.004 -29"><span class='ocrx_word' id='word_1_86' title='bbox 182 1175 231 1223; x_wconf 90' lang='lat' dir='ltr'>tus</span> <span class='ocrx_word' id='word_1_87' title='bbox 249 1173 313 1224; x_wconf 89' lang='lat' dir='ltr'>eris.</span> <span class='ocrx_word' id='word_1_88' title='bbox 436 1173 506 1252; x_wconf 84' lang='grc'>295.</span> <span class='ocrx_word' id='word_1_89' title='bbox 526 1173 740 1236; x_wconf 69' lang='lat' dir='ltr'>Amyntiaden</span> <span class='ocrx_word' id='word_1_90' title='bbox 762 1169 924 1252; x_wconf 91' lang='lat' dir='ltr'>Philippum</span> <span class='ocrx_word' id='word_1_91' title='bbox 945 1172 1087 1239; x_wconf 89' lang='lat' dir='ltr'>Amyntae</span> <span class='ocrx_word' id='word_1_92' title='bbox 1109 1171 1205 1240; x_wconf 90' lang='lat' dir='ltr'>filium,</span> <span class='ocrx_word' id='word_1_93' title='bbox 1227 1184 1338 1241; x_wconf 88' lang='lat' dir='ltr'>patrem</span> 
     </span>
     <span class='ocr_line' id='line_1_11' title="bbox 181 1240 1337 1314; baseline 0.004 -21"><span class='ocrx_word' id='word_1_94' title='bbox 181 1240 336 1294; x_wconf 77' lang='lat' dir='ltr'>Alexandri</span> <span class='ocrx_word' id='word_1_95' title='bbox 355 1241 460 1310; x_wconf 89' lang='lat' dir='ltr'>magni,</span> <span class='ocrx_word' id='word_1_96' title='bbox 480 1259 563 1311; x_wconf 91' lang='lat' dir='ltr'>quem</span> <span class='ocrx_word' id='word_1_97' title='bbox 582 1241 738 1295; x_wconf 85' lang='lat' dir='ltr'>Pausanias</span> <span class='ocrx_word' id='word_1_98' title='bbox 751 1241 798 1311; x_wconf 94' lang='lat' dir='ltr'>qui</span> <span class='ocrx_word' id='word_1_99' title='bbox 812 1243 921 1311; x_wconf 79' lang='lat' dir='ltr'>primis</span> <span class='ocrx_word' id='word_1_100' title='bbox 934 1242 1094 1311; x_wconf 71' lang='lat' dir='ltr'>pubertatis</span> <span class='ocrx_word' id='word_1_101' title='bbox 1108 1244 1193 1296; x_wconf 80' lang='lat' dir='ltr'>auni&#39;s</span> <span class='ocrx_word' id='word_1_102' title='bbox 1204 1248 1337 1314; x_wconf 79' lang='lat' dir='ltr'>stuprum</span> 
     </span>
     <span class='ocr_line' id='line_1_12' title="bbox 176 1313 1338 1395; baseline 0.003 -31"><span class='ocrx_word' id='word_1_103' title='bbox 176 1313 397 1395; x_wconf 79' lang='lat' dir='ltr'>periniurium</span> <span class='ocrx_word' id='word_1_104' title='bbox 422 1316 527 1382; x_wconf 90' lang='lat' dir='ltr'>passus</span> <span class='ocrx_word' id='word_1_105' title='bbox 557 1313 591 1366; x_wconf 92' lang='lat' dir='ltr'>ab</span> <span class='ocrx_word' id='word_1_106' title='bbox 617 1313 719 1366; x_wconf 86' lang='lat' dir='ltr'>Attalo</span> <span class='ocrx_word' id='word_1_107' title='bbox 739 1313 851 1383; x_wconf 80' lang='lat' dir='ltr'>fuerat,</span> <span class='ocrx_word' id='word_1_108' title='bbox 877 1328 1017 1382; x_wconf 87' lang='lat' dir='ltr'>quemque</span> <span class='ocrx_word' id='word_1_109' title='bbox 1042 1322 1143 1381; x_wconf 89' lang='lat' dir='ltr'>postea</span> <span class='ocrx_word' id='word_1_110' title='bbox 1167 1316 1338 1384; x_wconf 82' lang='lat' dir='ltr'>perductum</span> 
     </span>
     <span class='ocr_line' id='line_1_13' title="bbox 182 1383 1341 1452; baseline 0.004 -17"><span class='ocrx_word' id='word_1_111' title='bbox 182 1400 215 1436; x_wconf 84' lang='lat' dir='ltr'>ru</span> <span class='ocrx_word' id='word_1_112' title='bbox 239 1384 404 1436; x_wconf 81' lang='lat' dir='ltr'>conuiuium</span> <span class='ocrx_word' id='word_1_113' title='bbox 428 1384 606 1452; x_wconf 82' lang='lat' dir='ltr'>solutumque</span> <span class='ocrx_word' id='word_1_114' title='bbox 629 1400 704 1436; x_wconf 87' lang='lat' dir='ltr'>mera</span> <span class='ocrx_word' id='word_1_115' title='bbox 727 1383 874 1437; x_wconf 70' lang='lat' dir='ltr'>Attalus*</span> <span class='ocrx_word' id='word_1_116' title='bbox 872 1399 927 1435; x_wconf 87' lang='lat' dir='ltr'>nan</span> <span class='ocrx_word' id='word_1_117' title='bbox 951 1400 1019 1436; x_wconf 86' lang='lat' dir='ltr'>suae</span> <span class='ocrx_word' id='word_1_118' title='bbox 1042 1389 1163 1451; x_wconf 87' lang='lat' dir='ltr'>tautum,</span> <span class='ocrx_word' id='word_1_119' title='bbox 1188 1401 1288 1438; x_wconf 88' lang='lat' dir='ltr'>uerum</span> <span class='ocrx_word' id='word_1_120' title='bbox 1311 1391 1341 1440; x_wconf 87' lang='lat' dir='ltr'>et</span> 
     </span>
     <span class='ocr_line' id='line_1_14' title="bbox 180 1453 1338 1524; baseline 0.003 -18"><span class='ocrx_word' id='word_1_121' title='bbox 180 1469 371 1507; x_wconf 81' lang='lat' dir='ltr'>conuiuarum</span> <span class='ocrx_word' id='word_1_122' title='bbox 390 1453 505 1508; x_wconf 81' lang='lat' dir='ltr'>libidini</span> <span class='ocrx_word' id='word_1_123' title='bbox 528 1455 608 1507; x_wconf 90' lang='lat' dir='ltr'>uelut</span> <span class='ocrx_word' id='word_1_124' title='bbox 626 1459 781 1507; x_wconf 78' lang='lat' dir='ltr'>scartamrm</span> <span class='ocrx_word' id='word_1_125' title='bbox 800 1455 864 1507; x_wconf 89' lang='lat' dir='ltr'>iure</span> <span class='ocrx_word' id='word_1_126' title='bbox 884 1454 1035 1507; x_wconf 81' lang='lat' dir='ltr'>subiecerat</span> <span class='ocrx_word' id='word_1_127' title='bbox 1053 1454 1262 1524; x_wconf 79' lang='lat' dir='ltr'>ludibriumque</span> <span class='ocrx_word' id='word_1_128' title='bbox 1281 1473 1338 1509; x_wconf 87' lang='lat' dir='ltr'>am-</span> 
     </span>
     <span class='ocr_line' id='line_1_15' title="bbox 181 1523 1340 1595; baseline 0.004 -19"><span class='ocrx_word' id='word_1_129' title='bbox 181 1540 265 1577; x_wconf 89' lang='lat' dir='ltr'>mum</span> <span class='ocrx_word' id='word_1_130' title='bbox 280 1525 357 1577; x_wconf 85' lang='lat' dir='ltr'>inter</span> <span class='ocrx_word' id='word_1_131' title='bbox 373 1525 502 1594; x_wconf 78' lang='lat' dir='ltr'>aequales</span> <span class='ocrx_word' id='word_1_132' title='bbox 518 1525 685 1592; x_wconf 77' lang='lat' dir='ltr'>reddiderat,</span> <span class='ocrx_word' id='word_1_133' title='bbox 699 1541 764 1578; x_wconf 89' lang='lat' dir='ltr'>cum</span> <span class='ocrx_word' id='word_1_134' title='bbox 782 1525 934 1593; x_wconf 85' lang='lat' dir='ltr'>querellam</span> <span class='ocrx_word' id='word_1_135' title='bbox 947 1523 1083 1593; x_wconf 79' lang='lat' dir='ltr'>Philippa</span> <span class='ocrx_word' id='word_1_136' title='bbox 1100 1528 1181 1595; x_wconf 84' lang='lat' dir='ltr'>saepe</span> <span class='ocrx_word' id='word_1_137' title='bbox 1194 1526 1340 1582; x_wconf 70' lang='lat' dir='ltr'>detulisset</span> 
     </span>
     <span class='ocr_line' id='line_1_16' title="bbox 182 1594 1336 1666; baseline 0.004 -19"><span class='ocrx_word' id='word_1_138' title='bbox 182 1601 211 1647; x_wconf 89' lang='lat' dir='ltr'>et</span> <span class='ocrx_word' id='word_1_139' title='bbox 234 1609 291 1647; x_wconf 87' lang='lat' dir='ltr'>nan</span> <span class='ocrx_word' id='word_1_140' title='bbox 316 1597 376 1648; x_wconf 88' lang='lat' dir='ltr'>sine</span> <span class='ocrx_word' id='word_1_141' title='bbox 400 1597 462 1648; x_wconf 84' lang='lat' dir='ltr'>risu</span> <span class='ocrx_word' id='word_1_142' title='bbox 486 1596 515 1649; x_wconf 89' lang='lat' dir='ltr'>d</span> <span class='ocrx_word' id='word_1_143' title='bbox 506 1597 658 1666; x_wconf 83' lang='lat' dir='ltr'>fferretur</span> <span class='ocrx_word' id='word_1_144' title='bbox 677 1595 867 1649; x_wconf 87' lang='lat' dir='ltr'>celebrantem</span> <span class='ocrx_word' id='word_1_145' title='bbox 892 1594 1005 1663; x_wconf 85' lang='lat' dir='ltr'>nuptias</span> <span class='ocrx_word' id='word_1_146' title='bbox 1026 1596 1192 1664; x_wconf 84' lang='lat' dir='ltr'>Cleopatrae</span> <span class='ocrx_word' id='word_1_147' title='bbox 1213 1596 1287 1652; x_wconf 88' lang='lat' dir='ltr'>tiliae</span> <span class='ocrx_word' id='word_1_148' title='bbox 1307 1608 1336 1652; x_wconf 89' lang='lat' dir='ltr'>et</span> 
     </span>
     <span class='ocr_line' id='line_1_17' title="bbox 183 1665 1335 1758; baseline 0.003 -40"><span class='ocrx_word' id='word_1_149' title='bbox 183 1665 338 1718; x_wconf 87' lang='lat' dir='ltr'>Alexandri</span> <span class='ocrx_word' id='word_1_150' title='bbox 358 1665 433 1734; x_wconf 87' lang='lat' dir='ltr'>regis</span> <span class='ocrx_word' id='word_1_151' title='bbox 454 1666 644 1758; x_wconf 84' lang='lat' dir='ltr'>Epirotarum,</span> <span class='ocrx_word' id='word_1_152' title='bbox 665 1665 804 1720; x_wconf 87' lang='lat' dir='ltr'>interfecit</span> <span class='ocrx_word' id='word_1_153' title='bbox 824 1668 895 1735; x_wconf 89' lang='lat' dir='ltr'>Just.</span> <span class='ocrx_word' id='word_1_154' title='bbox 914 1680 938 1733; x_wconf 90' lang='lat'>9.</span> <span class='ocrx_word' id='word_1_155' title='bbox 959 1665 985 1720; x_wconf 94' lang='lat'>6.</span> <span class='ocrx_word' id='word_1_156' title='bbox 1021 1665 1138 1721; x_wconf 90' lang='lat' dir='ltr'>Aristot.</span> <span class='ocrx_word' id='word_1_157' title='bbox 1161 1668 1220 1721; x_wconf 92' lang='lat' dir='ltr'>Pol.</span> <span class='ocrx_word' id='word_1_158' title='bbox 1242 1685 1268 1722; x_wconf 92' lang='lat' dir='ltr'>v.</span> <span class='ocrx_word' id='word_1_159' title='bbox 1294 1684 1335 1724; x_wconf 87' lang='grc' dir='ltr'>ιο.</span> 
     </span>
     <span class='ocr_line' id='line_1_18' title="bbox 186 1734 1336 1805; baseline 0.003 -16"><span class='ocrx_word' id='word_1_160' title='bbox 186 1734 243 1789; x_wconf 83' lang='lat'>16‘</span> <span class='ocrx_word' id='word_1_161' title='bbox 246 1743 271 1787; x_wconf 92' lang='lat' dir='ltr'>H</span> <span class='ocrx_word' id='word_1_162' title='bbox 289 1736 317 1788; x_wconf 80' lang='grc' dir='ltr'>δὲ</span> <span class='ocrx_word' id='word_1_163' title='bbox 337 1737 496 1789; x_wconf 74' lang='grc' dir='ltr'><em>Φιλίππου’</em></span> <span class='ocrx_word' id='word_1_164' title='bbox 485 1739 534 1790; x_wconf 86' lang='grc' dir='ltr'>υπὸ</span> <span class='ocrx_word' id='word_1_165' title='bbox 553 1737 703 1790; x_wconf 82' lang='grc' dir='ltr'>Παυσανίου</span> <span class='ocrx_word' id='word_1_166' title='bbox 720 1734 859 1804; x_wconf 77' lang='grc' dir='ltr'>(ἐπίθεσις)</span> <span class='ocrx_word' id='word_1_167' title='bbox 880 1735 966 1790; x_wconf 81' lang='grc' dir='ltr'>διὰ</span> <span class='ocrx_word' id='word_1_168' title='bbox 940 1758 970 1789; x_wconf 93' lang='grc' dir='ltr'>το</span> <span class='ocrx_word' id='word_1_169' title='bbox 988 1737 1063 1789; x_wconf 85' lang='grc' dir='ltr'><em>ε’ἃσαι</em></span> <span class='ocrx_word' id='word_1_170' title='bbox 1083 1737 1287 1805; x_wconf 76' lang='grc' dir='ltr'><em>ὑβρισθῆναι’</em></span> <span class='ocrx_word' id='word_1_171' title='bbox 1258 1741 1336 1792; x_wconf 80' lang='grc' dir='ltr'>αυτὸν</span> 
     </span>
     <span class='ocr_line' id='line_1_19' title="bbox 182 1803 1335 1888; baseline 0.002 -28"><span class='ocrx_word' id='word_1_172' title='bbox 182 1806 278 1860; x_wconf 81' lang='grc' dir='ltr'>ὑπὸ</span> <span class='ocrx_word' id='word_1_173' title='bbox 245 1828 298 1859; x_wconf 84' lang='grc' dir='ltr'>των</span> <span class='ocrx_word' id='word_1_174' title='bbox 309 1807 368 1875; x_wconf 76' lang='grc' dir='ltr'>περὶ</span> <span class='ocrx_word' id='word_1_175' title='bbox 373 1803 515 1860; x_wconf 81' lang='grc' dir='ltr'><em>Ατταλοιι.</em></span> <span class='ocrx_word' id='word_1_176' title='bbox 552 1806 691 1861; x_wconf 92' lang='lat' dir='ltr'>Nobilis</span> <span class='ocrx_word' id='word_1_177' title='bbox 682 1817 757 1861; x_wconf 78' lang='lat' dir='ltr'>inter</span> <span class='ocrx_word' id='word_1_178' title='bbox 774 1807 879 1861; x_wconf 79' lang='grc' dir='ltr'><em>παιδικὰ</em></span> <span class='ocrx_word' id='word_1_179' title='bbox 880 1807 1014 1888; x_wconf 82' lang='grc' dir='ltr'>δράματα</span> <span class='ocrx_word' id='word_1_180' title='bbox 1031 1807 1104 1861; x_wconf 88' lang='lat' dir='ltr'>haec</span> <span class='ocrx_word' id='word_1_181' title='bbox 1122 1825 1198 1861; x_wconf 91' lang='lat' dir='ltr'>mors</span> <span class='ocrx_word' id='word_1_182' title='bbox 1213 1808 1335 1879; x_wconf 91' lang='lat' dir='ltr'>Philippi</span> 
     </span>
     <span class='ocr_line' id='line_1_20' title="bbox 183 1876 1336 1958; baseline 0.004 -28"><span class='ocrx_word' id='word_1_183' title='bbox 183 1877 254 1931; x_wconf 87' lang='lat' dir='ltr'>fuit:</span> <span class='ocrx_word' id='word_1_184' title='bbox 281 1894 348 1931; x_wconf 88' lang='lat' dir='ltr'>nam</span> <span class='ocrx_word' id='word_1_185' title='bbox 370 1887 398 1931; x_wconf 91' lang='lat' dir='ltr'>et</span> <span class='ocrx_word' id='word_1_186' title='bbox 417 1877 606 1932; x_wconf 90' lang='lat' dir='ltr'>Alexander&#39;</span> <span class='ocrx_word' id='word_1_187' title='bbox 599 1895 623 1932; x_wconf 91' lang='lat' dir='ltr'>1s</span> <span class='ocrx_word' id='word_1_188' title='bbox 646 1877 675 1931; x_wconf 92' lang='lat' dir='ltr'>in</span> <span class='ocrx_word' id='word_1_189' title='bbox 698 1877 777 1958; x_wconf 86' lang='lat' dir='ltr'>cuius</span> <span class='ocrx_word' id='word_1_190' title='bbox 798 1876 903 1946; x_wconf 91' lang='lat' dir='ltr'>nuptiis</span> <span class='ocrx_word' id='word_1_191' title='bbox 923 1878 998 1931; x_wconf 81' lang='lat' dir='ltr'>sacta</span> <span class='ocrx_word' id='word_1_192' title='bbox 1016 1887 1068 1946; x_wconf 90' lang='lat' dir='ltr'>est,</span> <span class='ocrx_word' id='word_1_193' title='bbox 1088 1888 1215 1947; x_wconf 89' lang='lat' dir='ltr'>stuprum</span> <span class='ocrx_word' id='word_1_194' title='bbox 1235 1897 1252 1932; x_wconf 97' lang='lat' dir='ltr'>a</span> <span class='ocrx_word' id='word_1_195' title='bbox 1271 1880 1336 1934; x_wconf 92' lang='lat' dir='ltr'>Phi-</span> 
     </span>
     <span class='ocr_line' id='line_1_21' title="bbox 183 1947 1336 2029; baseline 0.004 -29"><span class='ocrx_word' id='word_1_196' title='bbox 183 1947 265 2029; x_wconf 81' lang='lat' dir='ltr'>lippo</span> <span class='ocrx_word' id='word_1_197' title='bbox 293 1965 394 2016; x_wconf 90' lang='lat' dir='ltr'>passus</span> <span class='ocrx_word' id='word_1_198' title='bbox 420 1948 518 2016; x_wconf 86' lang='lat' dir='ltr'>tuerat,</span> <span class='ocrx_word' id='word_1_199' title='bbox 544 1948 655 2014; x_wconf 84' lang='lat' dir='ltr'>(lustin.</span> <span class='ocrx_word' id='word_1_200' title='bbox 681 1947 738 2003; x_wconf 91' lang='lat' dir='ltr'>viii.</span> <span class='ocrx_word' id='word_1_201' title='bbox 763 1947 800 2016; x_wconf 92' lang='lat'>6),</span> <span class='ocrx_word' id='word_1_202' title='bbox 825 1958 853 2002; x_wconf 90' lang='lat' dir='ltr'>et</span> <span class='ocrx_word' id='word_1_203' title='bbox 878 1947 1039 2002; x_wconf 83' lang='lat' dir='ltr'>interlector</span> <span class='ocrx_word' id='word_1_204' title='bbox 1062 1949 1254 2018; x_wconf 86' lang='lat' dir='ltr'>neglectam</span> <span class='ocrx_word' id='word_1_205' title='bbox 1246 1967 1275 2003; x_wconf 90' lang='grc' dir='ltr'>ιιι</span> <span class='ocrx_word' id='word_1_206' title='bbox 1304 1968 1336 2006; x_wconf 89' lang='lat' dir='ltr'>se</span> 
     </span>
     <span class='ocr_line' id='line_1_22' title="bbox 183 2017 1337 2100; baseline 0.005 -30"><span class='ocrx_word' id='word_1_207' title='bbox 183 2017 316 2072; x_wconf 90' lang='lat' dir='ltr'>iniuriam</span> <span class='ocrx_word' id='word_1_208' title='bbox 335 2018 422 2088; x_wconf 85' lang='lat' dir='ltr'>stupri</span> <span class='ocrx_word' id='word_1_209' title='bbox 442 2019 637 2074; x_wconf 88' lang='lat' dir='ltr'>ulciscebatur.</span> <span class='ocrx_word' id='word_1_210' title='bbox 676 2019 808 2100; x_wconf 79' lang='lat' dir='ltr'>Micyllus</span> <span class='ocrx_word' id='word_1_211' title='bbox 824 2018 943 2072; x_wconf 88' lang='lat' dir='ltr'>locum&#39;</span> <span class='ocrx_word' id='word_1_212' title='bbox 936 2029 1035 2088; x_wconf 80' lang='lat' dir='ltr'>interp.</span> <span class='ocrx_word' id='word_1_213' title='bbox 1055 2019 1091 2073; x_wconf 88' lang='lat' dir='ltr'>de</span> <span class='ocrx_word' id='word_1_214' title='bbox 1111 2020 1251 2074; x_wconf 88' lang='lat' dir='ltr'>Archelao</span> <span class='ocrx_word' id='word_1_215' title='bbox 1271 2039 1337 2090; x_wconf 85' lang='lat' dir='ltr'>rege</span> 
     </span>
     <span class='ocr_line' id='line_1_23' title="bbox 184 2089 1337 2170; baseline 0.003 -28"><span class='ocrx_word' id='word_1_216' title='bbox 184 2089 383 2158; x_wconf 89' lang='lat' dir='ltr'>Macedoniae,</span> <span class='ocrx_word' id='word_1_217' title='bbox 410 2106 494 2159; x_wconf 90' lang='lat' dir='ltr'>quern</span> <span class='ocrx_word' id='word_1_218' title='bbox 522 2092 658 2144; x_wconf 88' lang='lat' dir='ltr'>Crateuas</span> <span class='ocrx_word' id='word_1_219' title='bbox 679 2090 739 2144; x_wconf 91' lang='lat' dir='ltr'>siue</span> <span class='ocrx_word' id='word_1_220' title='bbox 763 2092 888 2170; x_wconf 82' lang='lat' dir='ltr'>Crateas,</span> <span class='ocrx_word' id='word_1_221' title='bbox 908 2106 977 2158; x_wconf 91' lang='lat' dir='ltr'>puer</span> <span class='ocrx_word' id='word_1_222' title='bbox 996 2100 1116 2158; x_wconf 90' lang='lat' dir='ltr'>amatus,</span> <span class='ocrx_word' id='word_1_223' title='bbox 1135 2090 1239 2145; x_wconf 90' lang='lat' dir='ltr'>occidit</span> <span class='ocrx_word' id='word_1_224' title='bbox 1264 2091 1337 2146; x_wconf 90' lang='lat' dir='ltr'>inter</span> 
     </span>
     <span class='ocr_line' id='line_1_24' title="bbox 183 2160 1340 2228; baseline 0.003 -15"><span class='ocrx_word' id='word_1_225' title='bbox 183 2160 356 2214; x_wconf 87' lang='lat' dir='ltr'>uenandurn.</span> <span class='ocrx_word' id='word_1_226' title='bbox 407 2163 483 2214; x_wconf 90' lang='lat' dir='ltr'>Nam</span> <span class='ocrx_word' id='word_1_227' title='bbox 513 2170 586 2215; x_wconf 90' lang='lat' dir='ltr'>teste</span> <span class='ocrx_word' id='word_1_228' title='bbox 617 2160 726 2214; x_wconf 90' lang='lat' dir='ltr'>Iustino</span> <span class='ocrx_word' id='word_1_229' title='bbox 757 2160 802 2214; x_wconf 92' lang='lat' dir='ltr'>vii.</span> <span class='ocrx_word' id='word_1_230' title='bbox 828 2176 845 2226; x_wconf 82' lang='lat'><strong>4</strong></span> <span class='ocrx_word' id='word_1_231' title='bbox 870 2162 1016 2228; x_wconf 88' lang='lat' dir='ltr'>Amyntas,</span> <span class='ocrx_word' id='word_1_232' title='bbox 1044 2160 1167 2215; x_wconf 87' lang='lat' dir='ltr'>Menelai</span> <span class='ocrx_word' id='word_1_233' title='bbox 1199 2161 1272 2215; x_wconf 87' lang='lat' dir='ltr'>filius</span> <span class='ocrx_word' id='word_1_234' title='bbox 1302 2181 1340 2217; x_wconf 79' lang='lat' dir='ltr'>ex</span> 
     </span>
    </p>
   </div>
   <div class='ocr_carea' id='block_1_4' title="bbox 183 2231 1423 2319">
    <p class='ocr_par' dir='ltr' id='par_1_4' title="bbox 183 2231 1423 2319">
     <span class='ocr_line' id='line_1_25' title="bbox 183 2231 1423 2319; baseline 0.002 -35.003"><span class='ocrx_word' id='word_1_235' title='bbox 183 2231 300 2319; x_wconf 80' lang='lat' dir='ltr'>Gygaea</span> <span class='ocrx_word' id='word_1_236' title='bbox 318 2231 520 2285; x_wconf 89' lang='lat' dir='ltr'>Archelaum</span> <span class='ocrx_word' id='word_1_237' title='bbox 537 2232 698 2318; x_wconf 79' lang='lat' dir='ltr'>Aridaeum</span> <span class='ocrx_word' id='word_1_238' title='bbox 715 2233 880 2285; x_wconf 89' lang='lat' dir='ltr'>Menelaum</span> <span class='ocrx_word' id='word_1_239' title='bbox 892 2233 1018 2286; x_wconf 80' lang='lat' dir='ltr'>sustulit</span> <span class='ocrx_word' id='word_1_240' title='bbox 1056 2233 1125 2286; x_wconf 89' lang='lat' dir='ltr'>Plat.</span> <span class='ocrx_word' id='word_1_241' title='bbox 1139 2231 1261 2287; x_wconf 92' lang='lat' dir='ltr'>Alcib.&#39;</span> <span class='ocrx_word' id='word_1_242' title='bbox 1244 2249 1270 2286; x_wconf 91' lang='lat' dir='ltr'>u.</span> <span class='ocrx_word' id='word_1_243' title='bbox 1289 2248 1335 2299; x_wconf 89' lang='grc' dir='ltr'>ι4ι</span> <span class='ocrx_word' id='word_1_244' title='bbox 1420 2267 1423 2275; x_wconf 69' lang='lat'><em>=</em></span> 
     </span>
    </p>
   </div>
   <div class='ocr_carea' id='block_1_5' title="bbox 177 2299 1341 4433">
    <p class='ocr_par' dir='ltr' id='par_1_5' title="bbox 177 2299 1341 4423">
     <span class='ocr_line' id='line_1_26' title="bbox 183 2299 1338 2394; baseline 0.004 -42.03"><span class='ocrx_word' id='word_1_245' title='bbox 183 2299 372 2394; x_wconf 78' lang='grc' dir='ltr'>Ἀρχέλαον</span> <span class='ocrx_word' id='word_1_246' title='bbox 346 2323 391 2355; x_wconf 92' lang='grc' dir='ltr'>τον</span> <span class='ocrx_word' id='word_1_247' title='bbox 408 2301 605 2355; x_wconf 81' lang='grc' dir='ltr'>Μακεδόνων’</span> <span class='ocrx_word' id='word_1_248' title='bbox 576 2323 698 2371; x_wconf 89' lang='grc' dir='ltr'>τυραννον</span> <span class='ocrx_word' id='word_1_249' title='bbox 717 2325 749 2355; x_wconf 93' lang='grc' dir='ltr'>τα</span> <span class='ocrx_word' id='word_1_250' title='bbox 738 2303 869 2355; x_wconf 83' lang='grc' dir='ltr'><em>παιδικὰ</em></span> <span class='ocrx_word' id='word_1_251' title='bbox 884 2301 1072 2390; x_wconf 74' lang='grc' dir='ltr'>ἐρασθέντα</span> <span class='ocrx_word' id='word_1_252' title='bbox 1043 2323 1088 2369; x_wconf 89' lang='grc' dir='ltr'>της</span> <span class='ocrx_word' id='word_1_253' title='bbox 1104 2303 1251 2389; x_wconf 85' lang='grc' dir='ltr'>τυραννίδος</span> <span class='ocrx_word' id='word_1_254' title='bbox 1264 2303 1338 2357; x_wconf 74' lang='grc' dir='ltr'>οὐδὲν</span> 
     </span>
     <span class='ocr_line' id='line_1_27' title="bbox 183 2369 1338 2457; baseline 0.003 -33"><span class='ocrx_word' id='word_1_255' title='bbox 183 2369 260 2439; x_wconf 80' lang='grc' dir='ltr'>ἧττον</span> <span class='ocrx_word' id='word_1_256' title='bbox 273 2374 338 2440; x_wconf 77' lang='grc' dir='ltr'>ἤπερ</span> <span class='ocrx_word' id='word_1_257' title='bbox 357 2373 452 2426; x_wconf 82' lang='grc' dir='ltr'>ἐκεῖνος</span> <span class='ocrx_word' id='word_1_258' title='bbox 475 2377 526 2426; x_wconf 79' lang='grc' dir='ltr'>τῶν</span> <span class='ocrx_word' id='word_1_259' title='bbox 544 2372 708 2427; x_wconf 79' lang='grc' dir='ltr'><em>παιδικῶν</em></span> <span class='ocrx_word' id='word_1_260' title='bbox 692 2373 822 2426; x_wconf 81' lang='grc' dir='ltr'>απέκτεινε</span> <span class='ocrx_word' id='word_1_261' title='bbox 843 2374 888 2426; x_wconf 85' lang='grc' dir='ltr'>τὸν</span> <span class='ocrx_word' id='word_1_262' title='bbox 908 2371 1028 2457; x_wconf 84' lang='grc' dir='ltr'>ε’ραστην,</span> <span class='ocrx_word' id='word_1_263' title='bbox 1048 2373 1082 2426; x_wconf 82' lang='grc' dir='ltr'>ὡς</span> <span class='ocrx_word' id='word_1_264' title='bbox 1102 2371 1224 2442; x_wconf 88' lang='grc' dir='ltr'>τυραννός</span> <span class='ocrx_word' id='word_1_265' title='bbox 1243 2395 1272 2426; x_wconf 89' lang='grc' dir='ltr'>τε</span> <span class='ocrx_word' id='word_1_266' title='bbox 1297 2376 1338 2428; x_wconf 76' lang='grc' dir='ltr'>καὶ</span> 
     </span>
     <span class='ocr_line' id='line_1_28' title="bbox 183 2439 1337 2534; baseline 0.003 -40"><span class='ocrx_word' id='word_1_267' title='bbox 183 2442 336 2511; x_wconf 77' lang='lat' dir='ltr'>sudaipou’</span> <span class='ocrx_word' id='word_1_268' title='bbox 321 2442 384 2534; x_wconf 79' lang='grc' dir='ltr'>ρνὴρ</span> <span class='ocrx_word' id='word_1_269' title='bbox 402 2443 533 2512; x_wconf 77' lang='grc' dir='ltr'>ἐσόμενος.</span> <span class='ocrx_word' id='word_1_270' title='bbox 569 2443 654 2498; x_wconf 87' lang='lat' dir='ltr'>Arist.</span> <span class='ocrx_word' id='word_1_271' title='bbox 670 2445 729 2497; x_wconf 92' lang='lat' dir='ltr'>Pol.</span> <span class='ocrx_word' id='word_1_272' title='bbox 742 2462 766 2497; x_wconf 91' lang='lat' dir='ltr'>v.</span> <span class='ocrx_word' id='word_1_273' title='bbox 784 2458 822 2497; x_wconf 82' lang='lat' dir='ltr'>lo</span> <span class='ocrx_word' id='word_1_274' title='bbox 841 2455 871 2508; x_wconf 88' lang='lat'>17</span> <span class='ocrx_word' id='word_1_275' title='bbox 884 2445 988 2495; x_wconf 77' lang='lat' dir='ltr'>[Iollitai</span> <span class='ocrx_word' id='word_1_276' title='bbox 1006 2439 1028 2495; x_wconf 79' lang='grc' dir='ltr'>δ</span> <span class='ocrx_word' id='word_1_277' title='bbox 1042 2442 1171 2498; x_wconf 77' lang='grc' dir='ltr'><em>ἐπιθέσεις</em></span> <span class='ocrx_word' id='word_1_278' title='bbox 1189 2444 1337 2513; x_wconf 80' lang='grc' dir='ltr'>γεγένηνται</span> 
     </span>
     <span class='ocr_line' id='line_1_29' title="bbox 184 2509 1338 2604; baseline 0.001 -38"><span class='ocrx_word' id='word_1_279' title='bbox 184 2515 225 2566; x_wconf 85' lang='grc' dir='ltr'>καὶ</span> <span class='ocrx_word' id='word_1_280' title='bbox 243 2513 327 2566; x_wconf 82' lang='grc' dir='ltr'>διὰ</span> <span class='ocrx_word' id='word_1_281' title='bbox 301 2536 331 2567; x_wconf 92' lang='grc' dir='ltr'>το</span> <span class='ocrx_word' id='word_1_282' title='bbox 348 2513 383 2568; x_wconf 82' lang='grc' dir='ltr'>εἷς</span> <span class='ocrx_word' id='word_1_283' title='bbox 401 2515 431 2566; x_wconf 83' lang='grc' dir='ltr'>τὸ</span> <span class='ocrx_word' id='word_1_284' title='bbox 448 2519 523 2581; x_wconf 80' lang='grc' dir='ltr'>σῶμα</span> <span class='ocrx_word' id='word_1_285' title='bbox 540 2514 674 2604; x_wconf 81' lang='grc' dir='ltr'>αἰσχῦναι</span> <span class='ocrx_word' id='word_1_286' title='bbox 678 2519 728 2568; x_wconf 81' lang='grc' dir='ltr'>τῶν</span> <span class='ocrx_word' id='word_1_287' title='bbox 743 2515 880 2583; x_wconf 85' lang='grc' dir='ltr'>μονάρχων</span> <span class='ocrx_word' id='word_1_288' title='bbox 897 2535 975 2578; x_wconf 83' lang='grc' dir='ltr'>τινας,</span> <span class='ocrx_word' id='word_1_289' title='bbox 994 2509 1049 2566; x_wconf 82' lang='grc' dir='ltr'>οἷον</span> <span class='ocrx_word' id='word_1_290' title='bbox 1065 2534 1106 2565; x_wconf 90' lang='grc' dir='ltr'>και</span> <span class='ocrx_word' id='word_1_291' title='bbox 1122 2536 1137 2581; x_wconf 86' lang='grc' dir='ltr'>η</span> <span class='ocrx_word' id='word_1_292' title='bbox 1157 2515 1285 2583; x_wconf 84' lang='grc' dir='ltr'>Κραταίου</span> <span class='ocrx_word' id='word_1_293' title='bbox 1302 2515 1338 2571; x_wconf 73' lang='grc' dir='ltr'>εἷς</span> 
     </span>
     <span class='ocr_line' id='line_1_30' title="bbox 183 2579 1337 2675; baseline 0.003 -39.021"><span class='ocrx_word' id='word_1_294' title='bbox 183 2582 336 2674; x_wconf 80' lang='grc' dir='ltr'>Ἀρχέλαον·</span> <span class='ocrx_word' id='word_1_295' title='bbox 364 2585 411 2637; x_wconf 89' lang='grc' dir='ltr'>αει</span> <span class='ocrx_word' id='word_1_296' title='bbox 413 2606 488 2675; x_wconf 83' lang='grc' dir='ltr'>γαρ</span> <span class='ocrx_word' id='word_1_297' title='bbox 507 2579 674 2654; x_wconf 85' lang='grc' dir='ltr'>βαρεως</span> <span class='ocrx_word' id='word_1_298' title='bbox 645 2606 711 2654; x_wconf 84' lang='grc' dir='ltr'><em>ειχε</em></span> <span class='ocrx_word' id='word_1_299' title='bbox 728 2606 805 2653; x_wconf 89' lang='grc' dir='ltr'>προς</span> <span class='ocrx_word' id='word_1_300' title='bbox 823 2605 877 2652; x_wconf 85' lang='grc' dir='ltr'>την</span> <span class='ocrx_word' id='word_1_301' title='bbox 896 2584 1029 2653; x_wconf 81' lang='grc' dir='ltr'><em>ὁμιλίαν.</em></span> <span class='ocrx_word' id='word_1_302' title='bbox 1065 2585 1136 2638; x_wconf 90' lang='lat' dir='ltr'>Plut.</span> <span class='ocrx_word' id='word_1_303' title='bbox 1155 2585 1281 2639; x_wconf 83' lang='lat' dir='ltr'>Amator.</span> <span class='ocrx_word' id='word_1_304' title='bbox 1303 2601 1337 2654; x_wconf 82' lang='lat'>²3</span> 
     </span>
     <span class='ocr_line' id='line_1_31' title="bbox 183 2653 1337 2724; baseline 0.003 -18"><span class='ocrx_word' id='word_1_305' title='bbox 183 2653 245 2708; x_wconf 82' lang='grc' dir='ltr'><em>ὅσοι</em></span> <span class='ocrx_word' id='word_1_306' title='bbox 258 2653 331 2708; x_wconf 82' lang='grc' dir='ltr'>δὲ</span> <span class='ocrx_word' id='word_1_307' title='bbox 301 2677 335 2723; x_wconf 84' lang='grc' dir='ltr'>μη</span> <span class='ocrx_word' id='word_1_308' title='bbox 350 2676 422 2708; x_wconf 91' lang='grc' dir='ltr'>κακοι</span> <span class='ocrx_word' id='word_1_309' title='bbox 413 2654 582 2723; x_wconf 77' lang='grc' dir='ltr'>πεφυκότες</span> <span class='ocrx_word' id='word_1_310' title='bbox 598 2654 823 2722; x_wconf 73' lang='grc' dir='ltr'>ἐξηπατήθησαν</span> <span class='ocrx_word' id='word_1_311' title='bbox 811 2677 825 2721; x_wconf 94' lang='grc' dir='ltr'>η</span> <span class='ocrx_word' id='word_1_312' title='bbox 843 2653 1053 2720; x_wconf 83' lang='grc' dir='ltr'>κατεβιάσθησαν</span> <span class='ocrx_word' id='word_1_313' title='bbox 1064 2655 1180 2708; x_wconf 82' lang='grc' dir='ltr'>ἐνδοῦναι</span> <span class='ocrx_word' id='word_1_314' title='bbox 1198 2657 1239 2709; x_wconf 82' lang='grc' dir='ltr'>καὶ</span> <span class='ocrx_word' id='word_1_315' title='bbox 1253 2677 1337 2724; x_wconf 91' lang='grc' dir='ltr'>παρα-</span> 
     </span>
     <span class='ocr_line' id='line_1_32' title="bbox 184 2724 1338 2814; baseline 0.004 -37.071"><span class='ocrx_word' id='word_1_316' title='bbox 184 2727 261 2794; x_wconf 85' lang='grc' dir='ltr'>σχεῖν</span> <span class='ocrx_word' id='word_1_317' title='bbox 278 2724 390 2792; x_wconf 78' lang='grc' dir='ltr'>ἑαυτούς,</span> <span class='ocrx_word' id='word_1_318' title='bbox 403 2725 493 2779; x_wconf 79' lang='grc' dir='ltr'><em>ουδὲνιι</em></span> <span class='ocrx_word' id='word_1_319' title='bbox 511 2725 643 2793; x_wconf 85' lang='grc' dir='ltr'>μᾶλλον</span> <span class='ocrx_word' id='word_1_320' title='bbox 630 2749 645 2795; x_wconf 90' lang='grc' dir='ltr'>η</span> <span class='ocrx_word' id='word_1_321' title='bbox 664 2727 724 2780; x_wconf 82' lang='grc' dir='ltr'>τοὺς</span> <span class='ocrx_word' id='word_1_322' title='bbox 740 2726 873 2780; x_wconf 79' lang='grc' dir='ltr'>διαθέντας</span> <span class='ocrx_word' id='word_1_323' title='bbox 890 2726 1085 2814; x_wconf 71' lang='grc' dir='ltr'>ὑφορώμενοι</span> <span class='ocrx_word' id='word_1_324' title='bbox 1104 2725 1154 2777; x_wconf 85' lang='grc' dir='ltr'>καὶ</span> <span class='ocrx_word' id='word_1_325' title='bbox 1171 2729 1338 2793; x_wconf 83' lang='grc' dir='ltr'>μισοῦντες</span> 
     </span>
     <span class='ocr_line' id='line_1_33' title="bbox 184 2794 1336 2885; baseline 0.002 -37"><span class='ocrx_word' id='word_1_326' title='bbox 184 2795 368 2850; x_wconf 81' lang='grc' dir='ltr'><em>διατελουσι</em></span> <span class='ocrx_word' id='word_1_327' title='bbox 382 2797 423 2849; x_wconf 84' lang='grc' dir='ltr'>καὶ</span> <span class='ocrx_word' id='word_1_328' title='bbox 438 2802 533 2866; x_wconf 79' lang='grc' dir='ltr'><em>πικρῶς</em></span> <span class='ocrx_word' id='word_1_329' title='bbox 549 2795 687 2864; x_wconf 78' lang='grc' dir='ltr'>ἀμύνονται</span> <span class='ocrx_word' id='word_1_330' title='bbox 700 2817 788 2866; x_wconf 88' lang='grc' dir='ltr'>καιρου</span> <span class='ocrx_word' id='word_1_331' title='bbox 776 2796 968 2885; x_wconf 82' lang='grc' dir='ltr'>παραδόντος.</span> <span class='ocrx_word' id='word_1_332' title='bbox 996 2794 1142 2866; x_wconf 77' lang='grc' dir='ltr'>Ἀρχέλαόν</span> <span class='ocrx_word' id='word_1_333' title='bbox 1154 2817 1183 2848; x_wconf 87' lang='grc' dir='ltr'>τε</span> <span class='ocrx_word' id='word_1_334' title='bbox 1194 2797 1273 2866; x_wconf 76' lang='grc' dir='ltr'>γὰρ’</span> <span class='ocrx_word' id='word_1_335' title='bbox 1257 2798 1336 2850; x_wconf 81' lang='grc' dir='ltr'>απέκ-</span> 
     </span>
     <span class='ocr_line' id='line_1_34' title="bbox 183 2865 1335 2947; baseline 0.003 -29"><span class='ocrx_word' id='word_1_336' title='bbox 183 2887 249 2947; x_wconf 66' lang='lat' dir='ltr'>rmus</span> <span class='ocrx_word' id='word_1_337' title='bbox 263 2867 402 2936; x_wconf 77' lang='lat' dir='ltr'>Kpare&#39;us&#39;</span> <span class='ocrx_word' id='word_1_338' title='bbox 389 2869 514 2937; x_wconf 76' lang='grc' dir='ltr'>ερόιμενος</span> <span class='ocrx_word' id='word_1_339' title='bbox 526 2868 646 2935; x_wconf 86' lang='grc' dir='ltr'>γεγονώς,</span> <span class='ocrx_word' id='word_1_340' title='bbox 660 2889 700 2920; x_wconf 93' lang='grc' dir='ltr'>και</span> <span class='ocrx_word' id='word_1_341' title='bbox 692 2868 757 2921; x_wconf 83' lang='grc' dir='ltr'>τὸν</span> <span class='ocrx_word' id='word_1_342' title='bbox 769 2869 877 2936; x_wconf 79' lang='grc' dir='ltr'>Φεραῖον</span> <span class='ocrx_word' id='word_1_343' title='bbox 888 2865 1061 2934; x_wconf 79' lang='grc' dir='ltr'>Ἀλέξανδρον</span> <span class='ocrx_word' id='word_1_344' title='bbox 1072 2866 1217 2921; x_wconf 81' lang='grc' dir='ltr'>Πυθόλαος.</span> <span class='ocrx_word' id='word_1_345' title='bbox 1249 2867 1335 2924; x_wconf 90' lang='lat' dir='ltr'>Diod.</span> 
     </span>
     <span class='ocr_line' id='line_1_35' title="bbox 184 2936 1336 3024; baseline 0.003 -35"><span class='ocrx_word' id='word_1_346' title='bbox 184 2936 238 2991; x_wconf 88' lang='lat' dir='ltr'>xiv</span> <span class='ocrx_word' id='word_1_347' title='bbox 253 2950 295 3024; x_wconf 43' lang='lat'>3¹7,</span> <span class='ocrx_word' id='word_1_348' title='bbox 309 2937 356 2992; x_wconf 90' lang='lat' dir='ltr'>ubi</span> <span class='ocrx_word' id='word_1_349' title='bbox 370 2948 465 2992; x_wconf 83' lang='lat' dir='ltr'>tamen</span> <span class='ocrx_word' id='word_1_350' title='bbox 483 2937 585 2992; x_wconf 90' lang='lat' dir='ltr'>dicitur</span> <span class='ocrx_word' id='word_1_351' title='bbox 597 2938 779 2992; x_wconf 84' lang='lat' dir='ltr'>Archelaus’</span> <span class='ocrx_word' id='word_1_352' title='bbox 766 2959 793 2992; x_wconf 82' lang='grc' dir='ltr'>εν</span> <span class='ocrx_word' id='word_1_353' title='bbox 804 2960 853 2992; x_wconf 85' lang='grc' dir='ltr'><em>τινι</em></span> <span class='ocrx_word' id='word_1_354' title='bbox 866 2958 974 3019; x_wconf 85' lang='grc' dir='ltr'><em>κυνηγιῳ</em></span> <span class='ocrx_word' id='word_1_355' title='bbox 989 2937 1130 3018; x_wconf 78' lang='grc' dir='ltr'>πληγεὶς’</span> <span class='ocrx_word' id='word_1_356' title='bbox 1115 2939 1268 2993; x_wconf 85' lang='grc' dir='ltr'>ακουσίως</span> <span class='ocrx_word' id='word_1_357' title='bbox 1286 2939 1336 2993; x_wconf 82' lang='grc' dir='ltr'>ὑπὸ</span> 
     </span>
     <span class='ocr_line' id='line_1_36' title="bbox 184 2989 1336 3090; baseline 0.004 -30"><span class='ocrx_word' id='word_1_358' title='bbox 184 3009 318 3088; x_wconf 83' lang='grc' dir='ltr'>Κρατέρου</span> <span class='ocrx_word' id='word_1_359' title='bbox 330 3013 376 3062; x_wconf 86' lang='grc' dir='ltr'>τοῦ</span> <span class='ocrx_word' id='word_1_360' title='bbox 388 3008 524 3090; x_wconf 75' lang='grc' dir='ltr'><em>ἐρρμένοιι.</em></span> <span class='ocrx_word' id='word_1_361' title='bbox 562 3008 638 3063; x_wconf 88' lang='lat' dir='ltr'>Huic</span> <span class='ocrx_word' id='word_1_362' title='bbox 656 3009 814 3063; x_wconf 87' lang='lat' dir='ltr'>sententiae</span> <span class='ocrx_word' id='word_1_363' title='bbox 832 3007 925 3078; x_wconf 92' lang='lat' dir='ltr'>potius</span> <span class='ocrx_word' id='word_1_364' title='bbox 944 2989 1101 3077; x_wconf 81' lang='lat' dir='ltr'>adstipulor</span> <span class='ocrx_word' id='word_1_365' title='bbox 1117 3006 1157 3077; x_wconf 88' lang='lat'>(1)</span> <span class='ocrx_word' id='word_1_366' title='bbox 1174 3008 1250 3078; x_wconf 92' lang='lat' dir='ltr'>quod</span> <span class='ocrx_word' id='word_1_367' title='bbox 1264 3011 1336 3064; x_wconf 89' lang='lat' dir='ltr'>Pau·</span> 
     </span>
     <span class='ocr_line' id='line_1_37' title="bbox 185 3078 1336 3160; baseline 0.003 -28"><span class='ocrx_word' id='word_1_368' title='bbox 185 3078 281 3132; x_wconf 89' lang='lat' dir='ltr'>sanias</span> <span class='ocrx_word' id='word_1_369' title='bbox 294 3096 351 3133; x_wconf 90' lang='lat' dir='ltr'>non</span> <span class='ocrx_word' id='word_1_370' title='bbox 368 3079 480 3149; x_wconf 79' lang='lat' dir='ltr'>abipso</span> <span class='ocrx_word' id='word_1_371' title='bbox 501 3079 631 3150; x_wconf 89' lang='lat' dir='ltr'>Philippo</span> <span class='ocrx_word' id='word_1_372' title='bbox 650 3079 771 3134; x_wconf 90' lang='lat' dir='ltr'>uiolatus</span> <span class='ocrx_word' id='word_1_373' title='bbox 789 3089 840 3147; x_wconf 90' lang='lat' dir='ltr'>est,</span> <span class='ocrx_word' id='word_1_374' title='bbox 853 3080 905 3160; x_wconf 86' lang='lat' dir='ltr'>sed</span> <span class='ocrx_word' id='word_1_375' title='bbox 920 3080 956 3133; x_wconf 93' lang='lat' dir='ltr'>ab</span> <span class='ocrx_word' id='word_1_376' title='bbox 969 3080 1083 3133; x_wconf 89' lang='lat' dir='ltr'>Attalo:</span> <span class='ocrx_word' id='word_1_377' title='bbox 1103 3096 1195 3149; x_wconf 90' lang='lat' dir='ltr'>neque</span> <span class='ocrx_word' id='word_1_378' title='bbox 1209 3097 1274 3134; x_wconf 90' lang='lat' dir='ltr'>eum</span> <span class='ocrx_word' id='word_1_379' title='bbox 1287 3081 1336 3150; x_wconf 90' lang='lat' dir='ltr'>qui</span> 
     </span>
     <span class='ocr_line' id='line_1_38' title="bbox 185 3121 1337 3220; baseline 0.003 -18"><span class='ocrx_word' id='word_1_380' title='bbox 185 3159 401 3219; x_wconf 89' lang='lat' dir='ltr'>constuprarunt</span> <span class='ocrx_word' id='word_1_381' title='bbox 415 3152 498 3220; x_wconf 79' lang='lat' dir='ltr'>turpe</span> <span class='ocrx_word' id='word_1_382' title='bbox 507 3168 602 3204; x_wconf 85' lang='lat' dir='ltr'>amare</span> <span class='ocrx_word' id='word_1_383' title='bbox 612 3151 781 3219; x_wconf 78' lang='lat' dir='ltr'>dilexerunt,</span> <span class='ocrx_word' id='word_1_384' title='bbox 795 3121 866 3204; x_wconf 82' lang='lat' dir='ltr'>sed</span> <span class='ocrx_word' id='word_1_385' title='bbox 859 3149 989 3205; x_wconf 78' lang='lat' dir='ltr'>iniuriam</span> <span class='ocrx_word' id='word_1_386' title='bbox 1002 3149 1210 3204; x_wconf 86' lang='lat' dir='ltr'>ulciscebantur</span> <span class='ocrx_word' id='word_1_387' title='bbox 1222 3151 1337 3206; x_wconf 88' lang='lat' dir='ltr'>alterius</span> 
     </span>
     <span class='ocr_line' id='line_1_39' title="bbox 186 3219 1337 3312; baseline 0.004 -39"><span class='ocrx_word' id='word_1_388' title='bbox 186 3221 345 3274; x_wconf 90' lang='lat' dir='ltr'>Pausaniae</span> <span class='ocrx_word' id='word_1_389' title='bbox 361 3221 408 3290; x_wconf 92' lang='lat' dir='ltr'>qui</span> <span class='ocrx_word' id='word_1_390' title='bbox 426 3239 524 3275; x_wconf 90' lang='lat' dir='ltr'>reuera</span> <span class='ocrx_word' id='word_1_391' title='bbox 540 3221 645 3275; x_wconf 75' lang='grc' dir='ltr'><em>παιδικὰ</em></span> <span class='ocrx_word' id='word_1_392' title='bbox 658 3222 747 3277; x_wconf 84' lang='lat' dir='ltr'>fuerat</span> <span class='ocrx_word' id='word_1_393' title='bbox 761 3221 892 3291; x_wconf 91' lang='lat' dir='ltr'>Philippo</span> <span class='ocrx_word' id='word_1_394' title='bbox 906 3220 1003 3305; x_wconf 79' lang='lat' dir='ltr'>¹(Diod.</span> <span class='ocrx_word' id='word_1_395' title='bbox 1018 3220 1071 3275; x_wconf 90' lang='lat' dir='ltr'>xvi.</span> <span class='ocrx_word' id='word_1_396' title='bbox 1085 3220 1140 3312; x_wconf 89' lang='lat'><strong>93).</strong></span> <span class='ocrx_word' id='word_1_397' title='bbox 1178 3221 1205 3290; x_wconf 90' lang='lat'>(2</span> <span class='ocrx_word' id='word_1_398' title='bbox 1190 3219 1217 3288; x_wconf 95' lang='lat'>)</span> <span class='ocrx_word' id='word_1_399' title='bbox 1232 3224 1337 3277; x_wconf 90' lang='lat' dir='ltr'>Pausa</span> 
     </span>
     <span class='ocr_line' id='line_1_40' title="bbox 184 3291 1336 3362; baseline 0.003 -18"><span class='ocrx_word' id='word_1_400' title='bbox 184 3291 247 3344; x_wconf 91' lang='lat' dir='ltr'>nias</span> <span class='ocrx_word' id='word_1_401' title='bbox 268 3291 416 3360; x_wconf 84' lang='lat' dir='ltr'>pueritiam</span> <span class='ocrx_word' id='word_1_402' title='bbox 435 3309 565 3360; x_wconf 78' lang='lat' dir='ltr'>egressus</span> <span class='ocrx_word' id='word_1_403' title='bbox 584 3310 645 3345; x_wconf 90' lang='lat' dir='ltr'>non</span> <span class='ocrx_word' id='word_1_404' title='bbox 661 3292 718 3347; x_wconf 89' lang='lat' dir='ltr'>iarn</span> <span class='ocrx_word' id='word_1_405' title='bbox 735 3297 813 3362; x_wconf 89' lang='lat' dir='ltr'>puer</span> <span class='ocrx_word' id='word_1_406' title='bbox 829 3293 912 3346; x_wconf 87' lang='lat' dir='ltr'>sed&#39;</span> <span class='ocrx_word' id='word_1_407' title='bbox 898 3294 1011 3345; x_wconf 81' lang='lat' dir='ltr'>iuuenis</span> <span class='ocrx_word' id='word_1_408' title='bbox 1028 3292 1074 3345; x_wconf 90' lang='lat' dir='ltr'>uel</span> <span class='ocrx_word' id='word_1_409' title='bbox 1096 3294 1229 3347; x_wconf 82' lang='grc' dir='ltr'>νεάνισκος</span> <span class='ocrx_word' id='word_1_410' title='bbox 1251 3295 1336 3362; x_wconf 90' lang='lat' dir='ltr'>(Plut.</span> 
     </span>
     <span class='ocr_line' id='line_1_41' title="bbox 185 3361 1337 3444; baseline 0.005 -30"><span class='ocrx_word' id='word_1_411' title='bbox 185 3362 265 3414; x_wconf 84' lang='lat' dir='ltr'>Alex</span> <span class='ocrx_word' id='word_1_412' title='bbox 279 3361 321 3428; x_wconf 89' lang='lat'>10)</span> <span class='ocrx_word' id='word_1_413' title='bbox 332 3372 359 3416; x_wconf 91' lang='lat' dir='ltr'>et</span> <span class='ocrx_word' id='word_1_414' title='bbox 369 3363 441 3416; x_wconf 90' lang='lat' dir='ltr'>inter</span> <span class='ocrx_word' id='word_1_415' title='bbox 446 3362 574 3444; x_wconf 84' lang='lat' dir='ltr'>Philippi</span> <span class='ocrx_word' id='word_1_416' title='bbox 585 3361 810 3430; x_wconf 72' lang='grc' dir='ltr'>σωματοφύλακας</span> <span class='ocrx_word' id='word_1_417' title='bbox 819 3373 886 3417; x_wconf 86' lang='lat' dir='ltr'>erat.</span> <span class='ocrx_word' id='word_1_418' title='bbox 914 3362 952 3432; x_wconf 85' lang='lat'>(3)</span> <span class='ocrx_word' id='word_1_419' title='bbox 966 3362 1060 3417; x_wconf 90' lang='lat' dir='ltr'>uerbis</span> <span class='ocrx_word' id='word_1_420' title='bbox 1074 3366 1185 3417; x_wconf 83' lang='lat' dir='ltr'>Oderit</span> <span class='ocrx_word' id='word_1_421' title='bbox 1196 3369 1228 3418; x_wconf 79' lang='lat' dir='ltr'>et</span> <span class='ocrx_word' id='word_1_422' title='bbox 1241 3380 1337 3420; x_wconf 79' lang='lat' dir='ltr'>saeuo</span> 
     </span>
     <span class='ocr_line' id='line_1_42' title="bbox 184 3432 1336 3504; baseline 0.004 -20"><span class='ocrx_word' id='word_1_423' title='bbox 184 3436 332 3486; x_wconf 82' lang='lat' dir='ltr'>uulnerat</span> <span class='ocrx_word' id='word_1_424' title='bbox 343 3449 417 3486; x_wconf 84' lang='lat' dir='ltr'>ense</span> <span class='ocrx_word' id='word_1_425' title='bbox 430 3432 573 3487; x_wconf 89' lang='lat' dir='ltr'>simillima</span> <span class='ocrx_word' id='word_1_426' title='bbox 585 3444 650 3488; x_wconf 92' lang='lat' dir='ltr'>sunt</span> <span class='ocrx_word' id='word_1_427' title='bbox 661 3451 733 3504; x_wconf 91' lang='lat' dir='ltr'>quae</span> <span class='ocrx_word' id='word_1_428' title='bbox 746 3452 780 3488; x_wconf 89' lang='lat' dir='ltr'>ex</span> <span class='ocrx_word' id='word_1_429' title='bbox 789 3434 941 3488; x_wconf 88' lang='lat' dir='ltr'>Aristotele</span> <span class='ocrx_word' id='word_1_430' title='bbox 954 3443 982 3487; x_wconf 91' lang='lat' dir='ltr'>et</span> <span class='ocrx_word' id='word_1_431' title='bbox 993 3435 1144 3487; x_wconf 90' lang='lat' dir='ltr'>Plutarcho</span> <span class='ocrx_word' id='word_1_432' title='bbox 1157 3433 1245 3490; x_wconf 86' lang='lat' dir='ltr'>attuli.</span> <span class='ocrx_word' id='word_1_433' title='bbox 1273 3437 1336 3489; x_wconf 92' lang='lat' dir='ltr'>Nec</span> 
     </span>
     <span class='ocr_line' id='line_1_43' title="bbox 185 3502 1336 3585; baseline 0.003 -29"><span class='ocrx_word' id='word_1_434' title='bbox 185 3511 281 3556; x_wconf 89' lang='lat' dir='ltr'>tamen</span> <span class='ocrx_word' id='word_1_435' title='bbox 302 3502 408 3562; x_wconf 87' lang='lat' dir='ltr'>infitior</span> <span class='ocrx_word' id='word_1_436' title='bbox 428 3503 580 3558; x_wconf 89' lang='lat' dir='ltr'>Perdiccae</span> <span class='ocrx_word' id='word_1_437' title='bbox 602 3504 698 3572; x_wconf 90' lang='lat' dir='ltr'>filium,</span> <span class='ocrx_word' id='word_1_438' title='bbox 716 3522 774 3558; x_wconf 91' lang='lat' dir='ltr'>non</span> <span class='ocrx_word' id='word_1_439' title='bbox 795 3508 946 3573; x_wconf 89' lang='lat' dir='ltr'>Amyntae,</span> <span class='ocrx_word' id='word_1_440' title='bbox 966 3521 983 3558; x_wconf 90' lang='lat' dir='ltr'>a</span> <span class='ocrx_word' id='word_1_441' title='bbox 1004 3504 1145 3585; x_wconf 90' lang='lat' dir='ltr'>plerisque</span> <span class='ocrx_word' id='word_1_442' title='bbox 1163 3505 1336 3559; x_wconf 89' lang='lat' dir='ltr'>Archelaum</span> 
     </span>
     <span class='ocr_line' id='line_1_44' title="bbox 185 3573 1335 3656; baseline 0.003 -30"><span class='ocrx_word' id='word_1_443' title='bbox 185 3573 322 3628; x_wconf 78' lang='lat' dir='ltr'>uocitati:</span> <span class='ocrx_word' id='word_1_444' title='bbox 342 3583 370 3628; x_wconf 91' lang='lat' dir='ltr'>et</span> <span class='ocrx_word' id='word_1_445' title='bbox 386 3575 475 3629; x_wconf 90' lang='lat' dir='ltr'>multo</span> <span class='ocrx_word' id='word_1_446' title='bbox 493 3575 659 3656; x_wconf 89' lang='lat' dir='ltr'>celebratius</span> <span class='ocrx_word' id='word_1_447' title='bbox 679 3575 837 3629; x_wconf 88' lang='lat' dir='ltr'>Pausaniae</span> <span class='ocrx_word' id='word_1_448' title='bbox 854 3575 963 3629; x_wconf 79' lang='lat' dir='ltr'>facinus</span> <span class='ocrx_word' id='word_1_449' title='bbox 979 3574 1073 3628; x_wconf 87' lang='lat' dir='ltr'>fuisse.</span> <span class='ocrx_word' id='word_1_450' title='bbox 1113 3577 1190 3628; x_wconf 90' lang='lat' dir='ltr'>Nam</span> <span class='ocrx_word' id='word_1_451' title='bbox 1209 3593 1243 3629; x_wconf 90' lang='lat' dir='ltr'>ex</span> <span class='ocrx_word' id='word_1_452' title='bbox 1259 3577 1335 3630; x_wconf 90' lang='lat' dir='ltr'>Suet.</span> 
     </span>
     <span class='ocr_line' id='line_1_45' title="bbox 187 3645 1338 3715; baseline 0.004 -18"><span class='ocrx_word' id='word_1_453' title='bbox 187 3645 247 3698; x_wconf 91' lang='lat' dir='ltr'>Cal.</span> <span class='ocrx_word' id='word_1_454' title='bbox 262 3656 304 3711; x_wconf 84' lang='lat'>57,</span> <span class='ocrx_word' id='word_1_455' title='bbox 323 3646 435 3715; x_wconf 90' lang='lat' dir='ltr'>loseph.</span> <span class='ocrx_word' id='word_1_456' title='bbox 453 3645 590 3715; x_wconf 89' lang='lat' dir='ltr'>Antiquit.</span> <span class='ocrx_word' id='word_1_457' title='bbox 603 3645 657 3700; x_wconf 90' lang='lat' dir='ltr'>xix</span> <span class='ocrx_word' id='word_1_458' title='bbox 673 3660 695 3700; x_wconf 93' lang='lat'>1.</span> <span class='ocrx_word' id='word_1_459' title='bbox 712 3661 742 3713; x_wconf 81' lang='lat'>13</span> <span class='ocrx_word' id='word_1_460' title='bbox 756 3655 867 3700; x_wconf 88' lang='lat' dir='ltr'>constat</span> <span class='ocrx_word' id='word_1_461' title='bbox 881 3645 1039 3714; x_wconf 77' lang='lat' dir='ltr'>Caligulam</span> <span class='ocrx_word' id='word_1_462' title='bbox 1058 3662 1075 3698; x_wconf 90' lang='lat' dir='ltr'>a</span> <span class='ocrx_word' id='word_1_463' title='bbox 1095 3645 1195 3699; x_wconf 78' lang='lat' dir='ltr'>Cassio</span> <span class='ocrx_word' id='word_1_464' title='bbox 1209 3647 1338 3702; x_wconf 89' lang='lat' dir='ltr'>Chaerea</span> 
     </span>
     <span class='ocr_line' id='line_1_46' title="bbox 185 3713 1336 3786; baseline 0.003 -19"><span class='ocrx_word' id='word_1_465' title='bbox 185 3713 226 3769; x_wconf 89' lang='lat' dir='ltr'>int</span> <span class='ocrx_word' id='word_1_466' title='bbox 215 3716 363 3769; x_wconf 83' lang='lat' dir='ltr'>terfectum</span> <span class='ocrx_word' id='word_1_467' title='bbox 377 3733 440 3770; x_wconf 91' lang='lat' dir='ltr'>esse</span> <span class='ocrx_word' id='word_1_468' title='bbox 453 3726 501 3770; x_wconf 92' lang='lat' dir='ltr'>aut</span> <span class='ocrx_word' id='word_1_469' title='bbox 514 3717 615 3770; x_wconf 90' lang='lat' dir='ltr'>eodem</span> <span class='ocrx_word' id='word_1_470' title='bbox 631 3716 676 3770; x_wconf 92' lang='lat' dir='ltr'>die</span> <span class='ocrx_word' id='word_1_471' title='bbox 694 3727 742 3770; x_wconf 91' lang='lat' dir='ltr'>aut</span> <span class='ocrx_word' id='word_1_472' title='bbox 759 3725 823 3769; x_wconf 90' lang='lat' dir='ltr'>acto</span> <span class='ocrx_word' id='word_1_473' title='bbox 839 3715 868 3768; x_wconf 92' lang='lat' dir='ltr'>in</span> <span class='ocrx_word' id='word_1_474' title='bbox 883 3732 970 3769; x_wconf 88' lang='lat' dir='ltr'>scena</span> <span class='ocrx_word' id='word_1_475' title='bbox 986 3716 1088 3769; x_wconf 88' lang='lat' dir='ltr'>eodem</span> <span class='ocrx_word' id='word_1_476' title='bbox 1105 3717 1267 3784; x_wconf 88' lang='lat' dir='ltr'>spectaculo</span> <span class='ocrx_word' id='word_1_477' title='bbox 1280 3734 1336 3786; x_wconf 92' lang='lat' dir='ltr'>quo</span> 
     </span>
     <span class='ocr_line' id='line_1_47' title="bbox 186 3785 1336 3856; baseline 0.003 -17"><span class='ocrx_word' id='word_1_478' title='bbox 186 3786 343 3840; x_wconf 88' lang='lat' dir='ltr'>Pausanias</span> <span class='ocrx_word' id='word_1_479' title='bbox 365 3786 525 3856; x_wconf 89' lang='lat' dir='ltr'>Philippum</span> <span class='ocrx_word' id='word_1_480' title='bbox 546 3787 695 3841; x_wconf 89' lang='lat' dir='ltr'>occiderat.</span> <span class='ocrx_word' id='word_1_481' title='bbox 757 3789 825 3840; x_wconf 87' lang='grc'>296.</span> <span class='ocrx_word' id='word_1_482' title='bbox 849 3800 943 3840; x_wconf 82' lang='lat' dir='ltr'>saeuo</span> <span class='ocrx_word' id='word_1_483' title='bbox 965 3803 1015 3854; x_wconf 89' lang='lat' dir='ltr'>per</span> <span class='ocrx_word' id='word_1_484' title='bbox 1035 3785 1114 3839; x_wconf 89' lang='lat' dir='ltr'>iram</span> <span class='ocrx_word' id='word_1_485' title='bbox 1181 3789 1250 3842; x_wconf 86' lang='grc'>297.</span> <span class='ocrx_word' id='word_1_486' title='bbox 1271 3789 1336 3842; x_wconf 81' lang='lat' dir='ltr'>fida</span> 
     </span>
     <span class='ocr_line' id='line_1_48' title="bbox 184 3856 1336 3924; baseline 0.001 -14"><span class='ocrx_word' id='word_1_487' title='bbox 184 3857 314 3919; x_wconf 76' lang='lat' dir='ltr'>poeula</span> <span class='ocrx_word' id='word_1_488' title='bbox 308 3874 437 3924; x_wconf 85' lang='lat' dir='ltr'>rnnocua,</span> <span class='ocrx_word' id='word_1_489' title='bbox 446 3873 557 3912; x_wconf 89' lang='lat' dir='ltr'>ueneno</span> <span class='ocrx_word' id='word_1_490' title='bbox 566 3857 699 3912; x_wconf 79' lang='lat' dir='ltr'>carentia</span> <span class='ocrx_word' id='word_1_491' title='bbox 714 3856 939 3912; x_wconf 89' lang='lat' dir='ltr'>Sicluuenalis6.</span> <span class='ocrx_word' id='word_1_492' title='bbox 943 3857 996 3924; x_wconf 84' lang='lat'>630</span> <span class='ocrx_word' id='word_1_493' title='bbox 1004 3857 1082 3910; x_wconf 82' lang='lat' dir='ltr'>nulli</span> <span class='ocrx_word' id='word_1_494' title='bbox 1088 3857 1336 3913; x_wconf 84' lang='lat' dir='ltr'>creditemensae.</span> 
     </span>
     <span class='ocr_line' id='line_1_49' title="bbox 185 3926 1339 3999; baseline 0.002 -19"><span class='ocrx_word' id='word_1_495' title='bbox 185 3928 294 3981; x_wconf 76' lang='lat' dir='ltr'>Liuilla</span> <span class='ocrx_word' id='word_1_496' title='bbox 303 3933 430 3980; x_wconf 88' lang='lat' dir='ltr'>materna</span> <span class='ocrx_word' id='word_1_497' title='bbox 433 3929 553 3999; x_wconf 80' lang='lat' dir='ltr'>seruent</span> <span class='ocrx_word' id='word_1_498' title='bbox 561 3929 679 3998; x_wconf 89' lang='lat' dir='ltr'>adipata</span> <span class='ocrx_word' id='word_1_499' title='bbox 692 3945 805 3982; x_wconf 88' lang='lat' dir='ltr'>uenena.</span> <span class='ocrx_word' id='word_1_500' title='bbox 849 3930 920 3981; x_wconf 87' lang='grc'>298.</span> <span class='ocrx_word' id='word_1_501' title='bbox 930 3931 994 3989; x_wconf 81' lang='lat' dir='ltr'>our·</span> <span class='ocrx_word' id='word_1_502' title='bbox 1002 3926 1171 3980; x_wconf 89' lang='lat' dir='ltr'>Alexander.</span> <span class='ocrx_word' id='word_1_503' title='bbox 1182 3929 1259 3982; x_wconf 87' lang='lat' dir='ltr'>Curt.</span> <span class='ocrx_word' id='word_1_504' title='bbox 1267 3947 1293 3980; x_wconf 92' lang='lat' dir='ltr'>x.</span> <span class='ocrx_word' id='word_1_505' title='bbox 1306 3944 1339 3982; x_wconf 88' lang='grc' dir='ltr'>ιο</span> 
     </span>
     <span class='ocr_line' id='line_1_50' title="bbox 191 3999 1337 4070; baseline 0.001 -19"><span class='ocrx_word' id='word_1_506' title='bbox 191 3999 298 4051; x_wconf 86' lang='lat' dir='ltr'>Venena</span> <span class='ocrx_word' id='word_1_507' title='bbox 309 4005 438 4052; x_wconf 87' lang='lat' dir='ltr'>necatum</span> <span class='ocrx_word' id='word_1_508' title='bbox 450 4016 505 4052; x_wconf 86' lang='lat' dir='ltr'>esse</span> <span class='ocrx_word' id='word_1_509' title='bbox 517 3999 655 4053; x_wconf 77' lang='lat' dir='ltr'>credidere</span> <span class='ocrx_word' id='word_1_510' title='bbox 662 4000 808 4069; x_wconf 77' lang='lat' dir='ltr'>plerique:</span> <span class='ocrx_word' id='word_1_511' title='bbox 818 4000 918 4070; x_wconf 80' lang='lat' dir='ltr'>filium</span> <span class='ocrx_word' id='word_1_512' title='bbox 930 3999 1087 4068; x_wconf 75' lang='lat' dir='ltr'>Antipatri</span> <span class='ocrx_word' id='word_1_513' title='bbox 1096 4000 1173 4051; x_wconf 77' lang='lat' dir='ltr'>inter</span> <span class='ocrx_word' id='word_1_514' title='bbox 1183 4001 1337 4068; x_wconf 84' lang='lat' dir='ltr'>mim&#39;stros,</span> 
     </span>
     <span class='ocr_line' id='line_1_51' title="bbox 185 4069 1338 4139; baseline 0.002 -18"><span class='ocrx_word' id='word_1_515' title='bbox 185 4069 289 4122; x_wconf 88' lang='lat' dir='ltr'>Iollam</span> <span class='ocrx_word' id='word_1_516' title='bbox 299 4071 520 4139; x_wconf 87' lang='lat' dir='ltr'>namine‚patris</span> <span class='ocrx_word' id='word_1_517' title='bbox 528 4071 608 4123; x_wconf 86' lang='lat' dir='ltr'>iussu</span> <span class='ocrx_word' id='word_1_518' title='bbox 616 4070 727 4124; x_wconf 81' lang='lat' dir='ltr'>dedisse.</span> <span class='ocrx_word' id='word_1_519' title='bbox 754 4072 815 4123; x_wconf 90' lang='lat' dir='ltr'>Vim</span> <span class='ocrx_word' id='word_1_520' title='bbox 823 4075 917 4123; x_wconf 83' lang='lat' dir='ltr'>autem</span> <span class='ocrx_word' id='word_1_521' title='bbox 927 4071 1035 4136; x_wconf 87' lang='lat' dir='ltr'>uenem&#39;,</span> <span class='ocrx_word' id='word_1_522' title='bbox 1045 4069 1159 4139; x_wconf 80' lang='lat' dir='ltr'>quadiu</span> <span class='ocrx_word' id='word_1_523' title='bbox 1168 4070 1338 4123; x_wconf 85' lang='lat' dir='ltr'>Macedonia</span> 
     </span>
     <span class='ocr_line' id='line_1_52' title="bbox 181 4140 1341 4210; baseline 0.002 -18"><span class='ocrx_word' id='word_1_524' title='bbox 181 4140 327 4210; x_wconf 81' lang='lat' dir='ltr'>gignitur,</span> <span class='ocrx_word' id='word_1_525' title='bbox 339 4141 424 4193; x_wconf 92' lang='lat' dir='ltr'>talem</span> <span class='ocrx_word' id='word_1_526' title='bbox 439 4158 495 4193; x_wconf 88' lang='lat' dir='ltr'>esse</span> <span class='ocrx_word' id='word_1_527' title='bbox 507 4146 622 4207; x_wconf 86' lang='lat' dir='ltr'>canstat,</span> <span class='ocrx_word' id='word_1_528' title='bbox 636 4147 669 4194; x_wconf 91' lang='lat' dir='ltr'>ut</span> <span class='ocrx_word' id='word_1_529' title='bbox 671 4141 788 4210; x_wconf 83' lang='lat' dir='ltr'>serrum</span> <span class='ocrx_word' id='word_1_530' title='bbox 800 4157 909 4210; x_wconf 82' lang='lat' dir='ltr'>quaque</span> <span class='ocrx_word' id='word_1_531' title='bbox 920 4146 1031 4194; x_wconf 81' lang='lat' dir='ltr'>exurat.</span> <span class='ocrx_word' id='word_1_532' title='bbox 1063 4141 1203 4210; x_wconf 83' lang='lat' dir='ltr'>ungulam</span> <span class='ocrx_word' id='word_1_533' title='bbox 1218 4142 1341 4194; x_wconf 83' lang='lat' dir='ltr'>iumenti</span> 
     </span>
     <span class='ocr_line' id='line_1_53' title="bbox 185 4210 1338 4294; baseline 0 -30"><span class='ocrx_word' id='word_1_534' title='bbox 185 4211 337 4264; x_wconf 84' lang='lat' dir='ltr'>dumtaxat</span> <span class='ocrx_word' id='word_1_535' title='bbox 350 4213 505 4294; x_wconf 81' lang='lat' dir='ltr'>patientem</span> <span class='ocrx_word' id='word_1_536' title='bbox 522 4229 578 4264; x_wconf 84' lang='lat' dir='ltr'>esse</span> <span class='ocrx_word' id='word_1_537' title='bbox 591 4217 700 4266; x_wconf 87' lang='lat' dir='ltr'>canstat</span> <span class='ocrx_word' id='word_1_538' title='bbox 713 4213 781 4266; x_wconf 87' lang='lat' dir='ltr'>suci.</span> <span class='ocrx_word' id='word_1_539' title='bbox 819 4213 934 4281; x_wconf 81' lang='lat' dir='ltr'>Stygem</span> <span class='ocrx_word' id='word_1_540' title='bbox 949 4211 1034 4281; x_wconf 84' lang='lat' dir='ltr'>appel</span> <span class='ocrx_word' id='word_1_541' title='bbox 1021 4210 1097 4264; x_wconf 86' lang='lat' dir='ltr'>llant</span> <span class='ocrx_word' id='word_1_542' title='bbox 1104 4211 1224 4281; x_wconf 83' lang='lat' dir='ltr'>sontem,</span> <span class='ocrx_word' id='word_1_543' title='bbox 1236 4229 1274 4265; x_wconf 84' lang='lat' dir='ltr'>ex</span> <span class='ocrx_word' id='word_1_544' title='bbox 1283 4227 1338 4280; x_wconf 83' lang='lat' dir='ltr'>qua</span> 
     </span>
     <span class='ocr_line' id='line_1_54' title="bbox 183 4282 1339 4352; baseline 0.003 -19"><span class='ocrx_word' id='word_1_545' title='bbox 183 4282 349 4350; x_wconf 62' lang='lat' dir='ltr'>pestiferum</span> <span class='ocrx_word' id='word_1_546' title='bbox 373 4284 457 4336; x_wconf 87' lang='lat' dir='ltr'>uirus</span> <span class='ocrx_word' id='word_1_547' title='bbox 473 4289 593 4336; x_wconf 89' lang='lat' dir='ltr'>emanat.</span> <span class='ocrx_word' id='word_1_548' title='bbox 630 4284 695 4336; x_wconf 82' lang='lat' dir='ltr'>Hac</span> <span class='ocrx_word' id='word_1_549' title='bbox 713 4285 769 4352; x_wconf 89' lang='lat' dir='ltr'>per</span> <span class='ocrx_word' id='word_1_550' title='bbox 788 4283 978 4336; x_wconf 82' lang='lat' dir='ltr'>Cassandrum</span> <span class='ocrx_word' id='word_1_551' title='bbox 997 4282 1126 4334; x_wconf 90' lang='lat' dir='ltr'>adlatum</span> <span class='ocrx_word' id='word_1_552' title='bbox 1145 4282 1339 4352; x_wconf 80' lang='lat' dir='ltr'>traditumque</span> 
     </span>
     <span class='ocr_line' id='line_1_55' title="bbox 177 4352 1338 4433; baseline 0.003 -29"><span class='ocrx_word' id='word_1_553' title='bbox 177 4352 277 4421; x_wconf 84' lang='lat' dir='ltr'>fratri</span> <span class='ocrx_word' id='word_1_554' title='bbox 292 4352 381 4406; x_wconf 88' lang='lat' dir='ltr'>Iollae</span> <span class='ocrx_word' id='word_1_555' title='bbox 398 4358 425 4406; x_wconf 87' lang='lat' dir='ltr'>et</span> <span class='ocrx_word' id='word_1_556' title='bbox 443 4353 477 4406; x_wconf 90' lang='lat' dir='ltr'>ab</span> <span class='ocrx_word' id='word_1_557' title='bbox 494 4371 524 4406; x_wconf 87' lang='grc' dir='ltr'>ιο</span> <span class='ocrx_word' id='word_1_558' title='bbox 536 4357 688 4433; x_wconf 77' lang='lat' dir='ltr'>supremae</span> <span class='ocrx_word' id='word_1_559' title='bbox 705 4354 780 4423; x_wconf 73' lang='lat' dir='ltr'>regis</span> <span class='ocrx_word' id='word_1_560' title='bbox 793 4354 908 4423; x_wconf 74' lang='lat' dir='ltr'>patrimi</span> <span class='ocrx_word' id='word_1_561' title='bbox 924 4353 1056 4406; x_wconf 79' lang='lat' dir='ltr'>inditum.</span> <span class='ocrx_word' id='word_1_562' title='bbox 1111 4355 1281 4418; x_wconf 75' lang='lat' dir='ltr'>eomigero</span> <span class='ocrx_word' id='word_1_563' title='bbox 1298 4356 1338 4407; x_wconf 80' lang='lat' dir='ltr'>ds</span> 
     </span>
    </p>
   </div>
   <div class='ocr_carea' id='block_1_6' title="bbox 97 4421 1337 4493">
    <p class='ocr_par' dir='ltr' id='par_1_6' title="bbox 97 4421 1337 4493">
     <span class='ocr_line' id='line_1_56' title="bbox 97 4421 1337 4493; baseline 0.005 -22"><span class='ocrx_word' id='word_1_564' title='bbox 97 4463 99 4471; x_wconf 67' lang='grc'><em>.</em></span> <span class='ocrx_word' id='word_1_565' title='bbox 186 4426 263 4476; x_wconf 88' lang='lat' dir='ltr'>Ioue</span> <span class='ocrx_word' id='word_1_566' title='bbox 280 4421 376 4477; x_wconf 78' lang='lat' dir='ltr'>nattis</span> <span class='ocrx_word' id='word_1_567' title='bbox 398 4423 494 4478; x_wconf 90' lang='lat' dir='ltr'>lustin.</span> <span class='ocrx_word' id='word_1_568' title='bbox 516 4423 552 4476; x_wconf 93' lang='lat' dir='ltr'>xi.</span> <span class='ocrx_word' id='word_1_569' title='bbox 574 4439 602 4477; x_wconf 91' lang='lat'>11</span> <span class='ocrx_word' id='word_1_570' title='bbox 626 4423 680 4476; x_wconf 89' lang='lat' dir='ltr'>Ad</span> <span class='ocrx_word' id='word_1_571' title='bbox 694 4424 791 4477; x_wconf 85' lang='lat' dir='ltr'>Jauem</span> <span class='ocrx_word' id='word_1_572' title='bbox 809 4423 909 4476; x_wconf 86' lang='lat' dir='ltr'>deinde</span> <span class='ocrx_word' id='word_1_573' title='bbox 925 4423 1093 4476; x_wconf 83' lang='lat' dir='ltr'>Ammonem</span> <span class='ocrx_word' id='word_1_574' title='bbox 1110 4425 1210 4493; x_wconf 81' lang='lat' dir='ltr'>pergit</span> <span class='ocrx_word' id='word_1_575' title='bbox 1228 4425 1337 4478; x_wconf 84' lang='lat' dir='ltr'>camul-</span> 
     </span>
    </p>
   </div>
   <div class='ocr_carea' id='block_1_7' title="bbox 185 4494 1344 4636">
    <p class='ocr_par' dir='ltr' id='par_1_7' title="bbox 185 4494 1344 4636">
     <span class='ocr_line' id='line_1_57' title="bbox 185 4494 1337 4577; baseline 0.003 -32"><span class='ocrx_word' id='word_1_576' title='bbox 185 4499 271 4546; x_wconf 88' lang='lat' dir='ltr'>turus</span> <span class='ocrx_word' id='word_1_577' title='bbox 285 4499 313 4546; x_wconf 86' lang='lat' dir='ltr'>et</span> <span class='ocrx_word' id='word_1_578' title='bbox 328 4494 362 4547; x_wconf 85' lang='lat' dir='ltr'>de</span> <span class='ocrx_word' id='word_1_579' title='bbox 375 4499 476 4547; x_wconf 87' lang='lat' dir='ltr'>euentu</span> <span class='ocrx_word' id='word_1_580' title='bbox 486 4495 660 4577; x_wconf 84' lang='lat' dir='ltr'>suturarum</span> <span class='ocrx_word' id='word_1_581' title='bbox 671 4495 744 4547; x_wconf 85' lang='lat' dir='ltr'>etde</span> <span class='ocrx_word' id='word_1_582' title='bbox 759 4496 869 4564; x_wconf 57' lang='lat' dir='ltr'>origine</span> <span class='ocrx_word' id='word_1_583' title='bbox 880 4511 939 4548; x_wconf 80' lang='grc' dir='ltr'><em>ιιια.</em></span> <span class='ocrx_word' id='word_1_584' title='bbox 977 4494 1184 4564; x_wconf 74' lang='lat' dir='ltr'>Ingredientem</span> <span class='ocrx_word' id='word_1_585' title='bbox 1200 4497 1337 4564; x_wconf 92' lang='lat' dir='ltr'>templum</span> 
     </span>
     <span class='ocr_line' id='line_1_58' title="bbox 185 4565 1344 4636; baseline 0.002 -18"><span class='ocrx_word' id='word_1_586' title='bbox 185 4566 284 4618; x_wconf 88' lang='lat' dir='ltr'>statim</span> <span class='ocrx_word' id='word_1_587' title='bbox 300 4566 442 4618; x_wconf 86' lang='lat' dir='ltr'>antistites</span> <span class='ocrx_word' id='word_1_588' title='bbox 457 4571 491 4618; x_wconf 93' lang='lat' dir='ltr'>ut</span> <span class='ocrx_word' id='word_1_589' title='bbox 501 4565 653 4620; x_wconf 82' lang='lat' dir='ltr'>Ammonis</span> <span class='ocrx_word' id='word_1_590' title='bbox 660 4566 762 4633; x_wconf 87' lang='lat' dir='ltr'>filium</span> <span class='ocrx_word' id='word_1_591' title='bbox 778 4566 913 4618; x_wconf 89' lang='lat' dir='ltr'>salutant.</span> <span class='ocrx_word' id='word_1_592' title='bbox 950 4565 1005 4620; x_wconf 89' lang='lat' dir='ltr'>llle</span> <span class='ocrx_word' id='word_1_593' title='bbox 1022 4565 1114 4620; x_wconf 87' lang='lat' dir='ltr'>laetus</span> <span class='ocrx_word' id='word_1_594' title='bbox 1126 4566 1175 4620; x_wconf 86' lang='lat' dir='ltr'>dei</span> <span class='ocrx_word' id='word_1_595' title='bbox 1189 4567 1344 4636; x_wconf 78' lang='lat' dir='ltr'>adeptibnr.</span> 
     </span>
    </p>
   </div>
   <div class='ocr_carea' id='block_1_8' title="bbox 0 0 1664 5200">
    <p class='ocr_par' dir='ltr' id='par_1_8' title="bbox 0 0 1664 5200">
     <span class='ocr_line' id='line_1_59' title="bbox 0 0 1664 5200; baseline 0 0"><span class='ocrx_word' id='word_1_596' title='bbox 0 0 1664 5200; x_wconf 95' lang='lat' dir='ltr'> </span> 
     </span>
    </p>
   </div>
  </div>
 </body>
</html>
