3312 5200
611 465 960 527 COMMENTARIVS.
1306 473 1361 529 107

207 625 242 680 T.
253 623 444 679 Vnderdown.
475 622 533 679 Sed
549 629 674 688 separat
692 639 749 677 non
762 633 805 678 est
817 622 971 694 separauit,
984 624 1035 680 sed
1048 623 1118 679 iram
1131 624 1167 679 ab
1180 624 1260 680 initio
1272 643 1362 697 usque

208 695 247 750 ad
260 694 357 749 Ouidii
370 705 499 764 tempora
511 694 628 749 durasse
642 693 790 763 significat.
838 711 918 760 pyra
929 697 1014 750 Anth.
1030 697 1061 749 P.
1073 695 1120 750 vii.
1133 711 1193 765 399.
1209 709 1232 765 5,
1245 697 1262 750 6
1274 695 1362 750 ‘livide

207 768 333 836 πυρκαϊῆς
350 766 441 819 ἅνισον
456 767 555 834 φλόγα·
577 765 697 833 δαιομένα
712 766 763 835 γὰρ
775 762 821 832 Ἐξ
840 768 895 821 ἑνὸς
912 766 948 821 εἷς
967 767 1063 820 δισσὰν
1076 765 1147 835 δῆριν
1159 767 1361 836 ἀποστρέφεται.

206 839 259 890 44.
280 837 313 891 Il.
326 836 390 890 xxii.
404 837 455 889 262
473 835 518 892 ‘os
530 835 576 888 οὐκ
588 835 646 889 ε’στὶ
658 835 751 889 λέουσι
769 836 809 888 καὶ
821 837 914 906 ἅρνασι
927 836 999 906 ὅρκια
1010 838 1101 904 πιστά,
1115 836 1182 890 Οὐδὲ
1194 836 1268 891 λύκοι
1281 860 1308 891 τε
1321 839 1362 892 καὶ

207 907 284 977 ἄρνες
295 909 431 988 ὁμόφρονα
444 907 525 975 θυμὸν
537 907 654 976 ἔχουσιν.
780 909 830 961 45.
849 913 960 972 coepto
977 923 1073 961 uersu
1090 907 1224 976 elegiaco,
1238 924 1294 978 quo
1306 910 1361 963 hoc

207 994 280 1046 opus
294 994 375 1047 coepi
389 976 520 1032 scribere.
608 980 658 1032 46.
677 981 755 1042 pede
773 994 891 1032 numero
904 987 934 1031 ut
946 978 1007 1044 644.
1091 980 1139 1034 47.
1157 982 1263 1044 thue
1281 984 1362 1044 petit

207 1052 319 1113 primo.
360 1049 531 1117 Metaphora
549 1047 634 1101 ducta
652 1065 670 1102 a
688 1048 776 1102 milite
795 1048 961 1117 proludente
980 1049 1017 1102 ad
1037 1065 1168 1117 pugnam.
1206 1053 1252 1104 Vt
1269 1053 1362 1104 hasta
1387 1105 1389 1110 ,

206 1122 322 1173 militis
339 1122 482 1172 nondum
499 1121 624 1172 minati
642 1119 669 1173 h.
679 1136 703 1172 e.
717 1118 881 1188 priusquam
897 1119 1068 1173 concaluerit
1086 1120 1185 1174 ardore
1198 1121 1366 1174 certaminis

206 1193 312 1254 primo
329 1193 410 1253 petit
427 1188 466 1242 ita
479 1189 605 1242 uibratur
617 1199 647 1243 ut
660 1188 744 1242 cadat
757 1188 785 1242 in
802 1193 906 1243 solum
922 1199 990 1258 puta
1004 1189 1077 1243 Circi
1091 1207 1220 1259 sparsum
1232 1193 1361 1246 harena.

208 1260 379 1329 Saluagnius
399 1259 520 1314 similem
538 1260 632 1313 locum
651 1259 718 1314 citat
739 1259 883 1314 Ciceronis
905 1259 941 1314 de
961 1261 1039 1315 Orat.
1060 1259 1087 1315 ii.
1101 1262 1143 1328 78.
1157 1262 1209 1328 316
1228 1263 1361 1315 attidem

206 1347 271 1384 cum
290 1329 450 1384 eracemum
468 1330 672 1399 concalefecem't
688 1336 750 1383 tum
767 1348 796 1383 se
813 1331 898 1384 solere
914 1335 1052 1401 pugnare,
1071 1348 1158 1400 neque
1177 1333 1299 1386 attendit
1318 1350 1363 1385 eos

206 1403 283 1471 ipsos
295 1402 370 1454 unde
382 1400 434 1455 noc
447 1402 540 1455 simile
556 1401 642 1454 ducat
657 1402 725 1454 illas
738 1403 852 1471 permar
869 1400 966 1454 basias
982 1403 1026 1455 ita
1044 1403 1149 1456 eiectare
1167 1404 1269 1456 leuiter
1285 1409 1318 1456 ut
1335 1408 1363 1456 et

206 1473 356 1524 uenustati
366 1472 414 1525 uel
424 1473 546 1525 mam'uee
557 1472 686 1525 serueant
702 1477 730 1524 et
747 1473 865 1540 reliques
879 1472 989 1526 uiribus
1000 1473 1061 1525 suis
1072 1474 1226 1527 consulant.
1263 1475 1363 1542 Neque

206 1547 249 1595 est
265 1542 383 1596 dubium
401 1544 471 1611 quin
489 1543 636 1596 exordium
655 1542 768 1596 dicendi
786 1542 931 1596 uehemens
947 1548 976 1595 et
990 1546 1116 1613 pugnax
1134 1560 1191 1597 nan
1208 1547 1290 1614 saepe
1306 1561 1363 1597 esse

206 1613 321 1677 debean
341 1614 391 1667 sed
404 1615 432 1666 si
448 1615 479 1666 in
496 1615 558 1683 ipso
569 1613 620 1666 illo
633 1613 810 1683 gladiatam‘o
822 1615 899 1667 uitae
910 1614 1068 1681 certamine,
1081 1631 1136 1683 quo
1144 1615 1229 1683 ferro
1240 1615 1360 1669 decerui-

205 1689 266 1750 tur,
288 1689 382 1737 tamen
398 1693 481 1738 ¹ante
505 1700 722 1751 congressum
746 1684 851 1738 multa
875 1683 960 1738 fiunt
982 1701 1068 1753 quae
1090 1701 1154 1738 non
1177 1685 1219 1739 ad
1241 1685 1361 1738 uulnus

206 1753 267 1808 sed
291 1754 333 1807 ad
357 1753 500 1822 speciem
524 1754 635 1807 ualere
659 1753 844 1822 uideantur,
865 1759 972 1823 quanta
996 1754 1047 1808 boc
1070 1757 1162 1826 mages
1182 1757 1214 1808 in
1235 1758 1362 1809 oratione

206 1825 431 1894 exspectandum.
468 1824 558 1879 Aliter
572 1824 726 1879 Merkelius
740 1824 786 1895 qui
804 1842 839 1879 ex
857 1825 888 1878 F.
903 1824 938 1879 vi.
952 1826 1083 1893 zos-208,
1098 1827 1175 1880 Seru.
1190 1826 1227 1880 ad
1239 1828 1311 1881 Aen.
1324 1826 1359 1880 ix.

208 1907 251 1964 53,
275 1895 383 1948 Placidi
404 1895 506 1963 glossis
528 1911 555 1964 p.
577 1907 628 1961 437
653 1894 722 1963 Mai,
744 1895 837 1949 locum
859 1895 980 1965 explicat
1005 1895 1041 1950 de
1065 1896 1247 1964 clarigatione
1272 1896 1361 1966 patris

206 1965 320 2034 patrati,
334 1965 381 2035 qui
398 1965 486 2020 missa
503 1966 587 2019 hasta
602 1982 685 2035 super
702 1966 861 2020 columnam
882 1976 947 2020 ante
967 1965 1067 2021 aedem
1082 1968 1216 2021 Bellonae
1235 1967 1263 2020 in
1278 1967 1360 2022 Circo

208 2035 351 2090 Flaminio
368 2037 474 2090 bellum
493 2035 645 2090 indicebat.
715 2039 766 2091 46.
791 2039 944 2091 Nondum
961 2039 1095 2092 οαΙίαοοί.
1134 2037 1217 2092 Trist.
1237 2037 1273 2092 iv.
1287 2054 1312 2106 9.
1326 2053 1361 2106 29

208 2107 309 2160 Circus
324 2106 417 2161 ααΙιιιε
431 2112 525 2174 cessat,
538 2109 651 2177 spargit
667 2113 761 2160 tomen
779 2125 845 2161 acer
856 2107 992 2161 harenam
1009 2109 1123 2162 Taurus
1139 2115 1167 2162 et
1183 2109 1284 2178 infesto
1301 2111 1361 2162 iam

201 2178 275 2248 pede
281 2178 384 2247 pulsat
393 2176 520 2230 humum.
590 2179 641 2230 49.
660 2184 754 2233 anuto
766 2177 861 2259 qualia
873 2189 938 2232 sunt
951 2195 1031 2232 anna
1043 2178 1116 2232 serio
1129 2178 1340 2233 decernentium
1353 2198 1361 2244 ;

209 2248 414 2316 praeludebant
434 2247 550 2315 obtusis
569 2257 600 2302 ut
618 2265 652 2302 ex
671 2248 804 2304 A.A.i1i.
820 2260 878 2316 515,
894 2249 943 2316 516
962 2258 990 2302 et
1011 2250 1061 2318 589
1080 2250 1163 2304 docet
1183 2249 1361 2318 Saluagnius.

207 2321 258 2371 52.
278 2323 369 2373 breui
380 2319 467 2372 breue
477 2328 597 2386 tempus.
636 2320 676 2372 M.
690 2337 715 2373 v.
729 2333 762 2387 32
783 2320 991 2388 cunctatusque
1002 2319 1087 2373 breui.
1213 2322 1260 2375 53.
1280 2323 1361 2374 liber

207 2395 355 2458 tamquam
368 2389 396 2442 in
409 2398 538 2458 apertum
550 2389 671 2444 hostem.
699 2391 781 2443 Rem.
792 2402 842 2457 377
855 2390 941 2442 Liber
947 2391 979 2442 in
993 2390 1125 2442 aduersos
1135 2388 1225 2443 hostes
1236 2393 1361 2460 stm'nga·

207 2465 255 2513 tus
266 2460 377 2513 iambus
390 2458 532 2527 (Ciolan.).
625 2463 674 2515 54.
695 2461 780 2515 Mart.
793 2459 839 2514 vii.
856 2475 895 2514 12.
908 2460 926 2512 6
944 2461 982 2513 Si
992 2476 1049 2528 qua
1061 2460 1211 2529 Lycambeo
1222 2464 1362 2532 sanguim

206 2530 264 2584 tela
282 2531 396 2584 madent
415 2529 573 2617 (Zingerle).
610 2531 695 2585 Anth
715 2532 745 2585 P.
759 2529 805 2585 vii.
818 2531 861 2599 69.
877 2545 893 2597 3
911 2529 1069 2600 Ἀρχίλοχος
1085 2529 1197 2596 τέθνηκε·
1218 2533 1360 2599 φυλάσσεο

206 2601 288 2669 θυμὸν
300 2601 399 2670 ἰάμβων
407 2608 512 2670 Δμιμυν,
521 2599 679 2672 πικροχόλου
691 2603 838 2669 τικτόμενον
850 2602 988 2669 στόματος.
1025 2596 1110 2654 Οἶσθα
1122 2603 1186 2668 βοῆς
1195 2601 1286 2653 κείνοιο
1295 2599 1361 2670 μέγα

205 2669 309 2738 σθένος,
321 2667 379 2725 εὖτε
391 2673 533 2740 Λυκάρβεω
546 2675 616 2738 Νῆυς
627 2671 672 2739 μία
691 2674 734 2725 σοὶ
747 2671 843 2726 δισσὰς
855 2674 936 2742 ἤγαγε
948 2669 1097 2741 θυγατέρος.
1195 2675 1244 2726 55.
1262 2675 1360 2726 Nune

207 2741 324 2810 interea,
343 2741 411 2795 dum
433 2759 479 2796 me
498 2741 535 2796 ad
555 2741 648 2796 acrius
666 2742 771 2797 bellum
792 2742 920 2796 nondum
941 2741 1057 2797 instruo.
1093 2744 1256 2796 Battiades
1276 2743 1359 2797 Calli-

206 2813 334 2881 machus,
354 2811 430 2867 Batti
450 2811 531 2866 filius.
570 2813 670 2868 Catull.
689 2814 743 2867 lxv.
765 2813 804 2881 16,
826 2813 896 2867 cxvi.
917 2827 940 2867 2.
994 2815 1159 2866 inimicum
1177 2812 1359 2882 Apollonium

207 2882 362 2938 Rhodium.
493 2887 540 2938 5'1.
559 2887 703 2938 historiis
715 2883 865 2953 praecipue
879 2883 1085 2952 mythologicis,
1099 2900 1311 2965 nonnumquam
1324 2901 1359 2938 ex

206 2953 363 3008 recentiore
387 2963 515 3023 tempore
540 2954 631 3008 ductis
657 2971 691 3009 ac
715 2971 783 3009 uera
806 2954 1038 3008 memorantibus.
1076 2953 1123 3008 Sic
1147 2955 1211 3009 Am.
1232 2955 1259 3008 ri.
1279 2969 1305 3020 4.
1324 2969 1360 3021 44

209 3025 346 3078 Omnibus
366 3023 494 3079 mutones
514 3042 543 3078 se
563 3042 641 3078 meus
661 3028 745 3095 aptat
763 3042 852 3093 amor,
873 3024 922 3078 ubi
944 3025 979 3078 de
1003 3023 1081 3078 Leda
1102 3034 1130 3078 et
1152 3026 1261 3080 Aurora
1282 3024 1359 3080 dicit.

207 3095 292 3165 Prop.
311 3094 345 3149 iv.
360 3107 385 3161 7.
398 3095 441 3184 647
461 3095 497 3150 iv.
514 3110 535 3150 1.
552 3110 609 3164 119,
629 3095 676 3149 ubi
699 3096 735 3149 de
757 3095 858 3149 fabulis
878 3097 1051 3150 Graecorum
1073 3112 1167 3149 sermo
1185 3106 1236 3150 est.
1274 3097 1360 3150 Tales

207 3175 272 3219 sunt
286 3165 398 3234 ἱστορίαι
410 3168 481 3234 ξεναι
493 3165 534 3219 καὶ
546 3166 663 3234 ὅτριιτται
677 3183 747 3236 quas
761 3165 789 3219 in
804 3166 997 3248 Lycophronis
1007 3167 1176 3234 Alexandra,
1188 3167 1359 3221 Heraclidae

207 3235 318 3289 Pontici
344 3235 470 3304 Leschis,
495 3236 638 3290 Parthenii
664 3235 771 3306 Elegiis
795 3236 903 3290 inuenit
926 3236 1122 3291 Artemidorus
1148 3237 1243 3292 Oneir.
1269 3237 1305 3292 iv.
1323 3239 1358 3306 63

206 3305 309 3361 citatus
323 3324 340 3361 a
354 3306 499 3361 Meinekio
512 3308 595 3361 Anal.
608 3309 687 3362 Alex.
700 3324 728 3376 p.
741 3321 757 3360 2
762 3309 801 3376 58.
874 3312 975 3362 caeeis
987 3307 1114 3361 obscuris
1128 3309 1194 3362 Sen.
1209 3309 1310 3378 Oedip.
1324 3323 1358 3376 92

206 3378 231 3431 S
226 3376 340 3447 pbinga
352 3379 437 3431 caecis
448 3377 534 3434 uerba
546 3385 695 3432 nectentem
707 3379 797 3432 mode's
810 3377 964 3446 ‘riddling.'
1091 3381 1139 3432 56.
1159 3395 1259 3443 genus
1273 3378 1360 3433 ‘line'

207 3447 302 3517 ‘style’
315 3447 391 3502 idem
404 3458 447 3502 est
460 3449 537 3517 quod
549 3455 757 3518 argumentum.
829 3452 878 3503 59.
898 3454 1045 3514 ambages
1058 3448 1220 3516 aenigmata
1228 3462 1288 3517 377.
1326 3451 1357 3504 F.

207 3517 246 3573 iii.
257 3530 308 3586 337
319 3535 419 3572 nemim
428 3519 544 3590 ambage
556 3525 662 3573 remota
671 3519 798 3574 Abdidit.
854 3522 902 3573 60.
921 3523 1092 3584 iudiciique
1103 3536 1159 3590 quo
1172 3530 1270 3590 aperta
1278 3537 1359 3588 prae-

205 3589 266 3643 fero
279 3589 415 3644 obscuris.
470 3593 519 3644 62.
537 3595 717 3654 tuquoque.
747 3589 823 3643 Hinc
836 3589 938 3658 colligo
953 3590 1156 3643 Callimachum
1169 3589 1198 3643 in
1214 3590 1294 3645 ibide
1307 3607 1359 3644 sua

134 3717 139 3726 ¹
203 3676 312 3714 nomen
321 3677 378 3714 nou
388 3659 517 3730 posuisse
525 3661 688 3715 aduersarii.
724 3663 772 3715 63.
786 3664 984 3724 aliquantum
993 3660 1358 3714 noetlsmultamobscuri·

206 3739 304 3785 tatem.
342 3731 390 3784 Sic
404 3731 593 3799 Quintilianus
606 3731 662 3785 viii.
677 3746 701 3785 2.
715 3745 748 3799 23
767 3732 884 3784 tenebris
897 3732 1034 3783 orationis
1045 3731 1152 3800 inserat
1163 3732 1303 3799 quoddam
1315 3734 1359 3784 in·
1388 3723 1392 3743 '

205 3801 379 3872 telligentiae
389 3819 458 3855 suae
469 3803 571 3856 lumen.
599 3802 710 3856 Eodem
724 3819 808 3856 sensu
820 3799 926 3854 Statius
938 3802 1125 3870 Lycophrona
1137 3807 1234 3854 atrum
1248 3801 1316 3855 dixit
1329 3803 1357 3856 S.

207 3889 231 3925 v.
244 3886 267 3939 3.
281 3884 328 3940 157
339 3871 540 3942 (Saluagnius).
595 3875 645 3928 64.
661 3876 747 3926 uitae
761 3875 857 3926 series
867 3871 967 3940 utfati
976 3872 1061 3924 sem'es
1071 3873 1111 3924 M.
1123 3888 1166 3925 xv.
1179 3884 1235 3939 152,
1247 3873 1318 3925 Stat.
1328 3873 1357 3926 S.

206 3941 242 3997 iv.
253 3955 337 4010 3145
353 3943 420 3996 Victi
429 3960 514 4013 quam
526 3944 624 3996 semem
637 3944 775 3996 morantis
784 3944 851 3995 aeui
857 3943 1028 3996 Pronectant
1040 3942 1093 3995 tibi
1099 3941 1235 3995 candidae
1242 3959 1358 3996 sorores.

207 4015 257 4068 65.
274 4016 376 4067 natali
388 4017 520 4079 Ianique
532 4018 694 4069 Kalendis.
731 4012 916 4083 ‘Priusquam
930 4015 1010 4066 Naso
1024 4014 1103 4067 Deos
1116 4011 1290 4067 inuocandos
1304 4012 1357 4066 sibi

207 4083 346 4151 conciliet,
366 4083 430 4137 Ibin
449 4095 545 4138 monet
567 4094 597 4139 ut
621 4083 708 4138 natali
729 4097 781 4138 suo
800 4083 994 4153 Kalendisque
1014 4081 1152 4137 Ianuariis
1173 4084 1226 4137 has
1245 4082 1320 4137 diras
1340 4101 1358 4137 a

206 4153 307 4224 quouis
325 4155 462 4224 legendas
479 4155 590 4225 sibique
608 4172 659 4236 pro
677 4153 777 4208 faustis
795 4154 1004 4224 precationibus
1022 4153 1182 4208 recitandas
1201 4163 1287 4221 curet,
1301 4169 1357 4222 quo

207 4223 314 4279 scilicet
327 4224 361 4278 iis
374 4225 475 4280 diebus
487 4235 685 4295 pronuntiatae
698 4224 845 4300 certiorem
858 4225 1011 4294 perniciem
1024 4225 1202 4294 portendant.
1238 4225 1357 4279 Veteres

206 4294 283 4348 enim
305 4295 443 4366 quidquid
465 4295 567 4350 ominis
587 4295 654 4350 mali
674 4296 774 4350 diebus
795 4296 850 4349 illis
872 4295 999 4349 auditum
1020 4295 1128 4362 fuisset,
1146 4294 1239 4349 dirum
1260 4295 1357 4366 nescio

207 4365 284 4435 quod
301 4365 416 4432 exitium
433 4365 535 4420 minari
553 4367 723 4421 credebant:
744 4376 842 4420 contra
855 4365 915 4420 dies
933 4366 1005 4433 illos,
1018 4365 1041 4420 si
1058 4365 1128 4419 nihil
1141 4365 1254 4420 infausti
1268 4365 1356 4420 conti-

207 4435 303 4504 gisset,
328 4437 436 4491 faustos
460 4439 632 4492 censebant.’
669 4438 743 4491 Salu.
790 4436 941 4490 Natalibus
967 4446 994 4491 et
1020 4437 1096 4490 dona
1120 4436 1304 4492 mittebantur
1328 4448 1356 4492 et

207 4505 330 4561 Genium
343 4507 462 4577 quisque
474 4525 556 4563 suum
569 4508 687 4562 colebat.
727 4509 827 4578 Itaque
839 4524 896 4561 non
910 4507 970 4562 sine
983 4508 1086 4562 acerba
1098 4505 1226 4562 irrisione
1236 4507 1357 4563 Ouidius

208 4575 293 4632 Diras
312 4588 458 4647 tamquam
477 4578 640 4634 natalicium
659 4595 760 4633 munus
780 4580 907 4648 (Censor.
927 4577 963 4633 de
982 4578 1028 4634 die
1048 4577 1144 4633 Natali
1162 4580 1187 4648 l)
1207 4578 1287 4633 offert
1305 4578 1357 4633 ini·
