3294 5214
294 457 383 516 xxxiv
711 455 1037 518 PROLEGOMENA.

336 615 397 675 Hic
410 633 512 675 uersus
528 617 625 690 59·⁶²
643 614 837 675 Schneiderus
856 633 925 675 cum
944 618 1060 692 reliquis
1080 617 1119 674 ita
1133 615 1225 674 credit
1239 633 1371 675 conexos
1386 633 1447 674 non

295 707 327 756 ut
351 698 382 755 in
403 696 486 756 Ibide
507 696 707 755 Callimachea
729 696 833 756 fuerint
856 717 948 755 caecae
969 698 1101 757 lrz'storr‘ae
1125 697 1178 756 sed
1200 708 1232 757 ut
1257 698 1398 772 ambages
1418 707 1448 755 et

294 779 502 838 obscuritatem
516 795 590 855 quas
607 777 653 836 ille
671 778 703 837 in
721 779 898 838 carminibus
912 778 978 837 alibi
998 779 1194 850 adsectauerit,
1211 778 1334 839 Ouidius
1349 780 1379 836 in
1394 795 1448 836 sua

296 859 380 919 Ibide
398 860 526 918 imitatus
546 859 591 918 sit.
633 859 726 932 Quasi
745 878 816 918 uero
835 861 906 918 boni
927 870 1033 937 poetae
1053 870 1129 918 esset
1150 870 1307 938 postquam
1327 859 1449 918 dixisset

296 940 403 1001 eodem
421 959 454 999 se
467 941 559 999 modo
574 940 748 1000 deuoturum
769 942 919 1000 inimicum
934 960 992 1018 quo
1008 941 1074 999 Ibin
1089 941 1294 1012 Callimachus
1308 941 1338 1000 id
1352 958 1448 1016 genus

296 1041 392 1082 rerum
413 1021 567 1080 adnectere
589 1021 670 1098 quod
689 1023 720 1080 in
741 1024 810 1081 aliis
828 1024 1004 1082 carminibus
1025 1023 1204 1093 Callimachi,
1226 1042 1289 1082 non
1309 1024 1340 1081 in
1362 1021 1448 1080 Ibide

296 1112 381 1163 esset.
423 1103 528 1161 Talem
543 1121 652 1161 nexum
666 1121 727 1162 non
740 1102 903 1163 Ouidianus
918 1104 1014 1163 solum
1028 1105 1118 1180 stylus
1134 1115 1220 1181 atque
1235 1103 1308 1162 ordo
1321 1102 1447 1174 dicendi,

296 1185 350 1244 sed
377 1185 441 1260 ipsa
468 1184 525 1244 loci
554 1185 696 1243 sententia
720 1186 837 1261 respuit.
890 1184 960 1256 Quo
985 1186 1064 1244 enim
1093 1186 1184 1244 modo
1209 1185 1356 1244 Battiades
1381 1184 1449 1242 Ibin

297 1267 436 1326 deuouit?
479 1264 596 1342 Nempe
618 1266 743 1324 he'store'z's
767 1268 861 1338 caecis,
885 1285 937 1342 per
959 1269 1098 1342 ambages
1119 1278 1149 1325 et
1173 1267 1340 1343 aenigmata
1364 1264 1448 1324 sabu-

296 1348 397 1408 larum.
431 1347 515 1420 Quae
526 1356 558 1404 ut
572 1365 634 1405 non
647 1349 747 1423 magni
761 1349 886 1407 ambitus
897 1349 928 1406 in
939 1349 1045 1424 exiguo
1057 1347 1154 1406 libello
1164 1347 1253 1407 luisse
1265 1348 1447 1422 colligantur,

297 1429 421 1488 omnino
434 1438 511 1488 certe
525 1429 628 1488 abesse
645 1447 707 1487 non
726 1438 869 1504 poterant.
913 1428 1018 1506 Neque
1033 1429 1112 1488 aliter
1127 1430 1225 1488 locum
1244 1429 1448 1504 interpretatus

296 1521 342 1570 est
362 1510 511 1570 Bentleius
532 1527 566 1569 ac
588 1511 676 1568 ceteri
697 1519 810 1586 praeter
828 1509 1003 1570 Couatium:
1035 1520 1138 1586 estque
1159 1529 1205 1570 res
1227 1510 1448 1586 simplicissima,

296 1610 353 1651 nec
371 1610 446 1668 quae
465 1592 530 1650 ullis
549 1591 691 1650 machinis
711 1591 749 1650 ad
769 1591 799 1650 id
818 1591 1022 1669 detorqueatur
1038 1592 1121 1668 quod
1135 1591 1329 1651 Schneiderus
1348 1591 1448 1651 uoluit.

297 1672 379 1746 Quid
395 1673 477 1750 quod
495 1673 615 1749 singulis
633 1673 761 1732 distichis
777 1676 867 1747 57-8,
882 1677 991 1749 59-60,
1007 1678 1095 1744 61-2,
1112 1675 1201 1746 63-4‚
1216 1673 1284 1732 lbin
1303 1690 1449 1748 nusquam

296 1755 392 1825 mittit,
411 1756 448 1814 ab
468 1754 551 1813 Ibide
566 1753 764 1813 Callimachea
782 1754 820 1814 ad
841 1772 925 1813 suam
940 1754 1005 1834 (69)
1023 1755 1212 1831 progreditur,
1231 1755 1447 1825 obscuritatem,

297 1853 407 1895 nomen
422 1834 635 1895 Callimacheae
649 1834 740 1894 Ibidis
754 1835 785 1894 in
803 1854 889 1895 suum
908 1837 1059 1895 inimicum
1074 1837 1224 1895 conuertit.
1267 1835 1351 1894 ldem
1370 1844 1449 1910 patet

297 1928 327 1977 et
355 1935 392 1975 ex
419 1918 516 1976 uerbis
545 1916 660 1976 Suidae.
713 1915 792 1976 Nam
820 1918 844 1976 si
872 1917 929 1976 hoc
957 1927 1031 1976 teste
1059 1917 1119 1976 Ibis
1149 1935 1258 1995 poema
1285 1917 1338 1976 suit
1365 1918 1449 1974 ἐπιτε-

297 1999 447 2070 τηδευμένον
467 2001 502 2056 εἰς
522 1999 652 2070 ἀσάφειαν
670 2000 711 2054 καὶ
728 2001 866 2071 λοιδορίαν,
882 2016 952 2057 uero
971 1999 1063 2058 simile
1085 2010 1129 2058 est
1150 2017 1212 2060 non
1232 1999 1449 2075 epigrammatis

297 2078 329 2138 ln
346 2079 496 2151 ambitum
513 2079 565 2138 sed
585 2097 641 2138 nec
660 2080 690 2137 in
712 2079 837 2138 sormam
854 2080 1052 2157 compositum
1071 2079 1167 2140 luisse.
1212 2079 1288 2140 Sane
1306 2099 1343 2138 ex
1360 2079 1449 2138 Suida

297 2171 327 2220 et
354 2159 489 2219 Eudocia
516 2161 624 2219 scimus
651 2160 823 2219 Archibium
851 2163 1093 2222 commentarium
1120 2163 1182 2220 siue
1209 2163 1333 2236 ἐξήγησιν
1361 2161 1449 2236 scrip-

297 2243 371 2301 sisse
385 2241 558 2302 Callimachi
571 2240 845 2318 EpIgrammatum3
875 2243 929 2302 sed
947 2261 1044 2321 aeque
1062 2244 1134 2301 inter
1147 2242 1369 2318 Epigrammata
1382 2242 1449 2301 Ibin

298 2325 455 2400 quisquam
468 2333 599 2383 ueterum
613 2324 714 2396 retulit,
726 2341 782 2382 nec
796 2325 820 2384 si
835 2325 1016 2400 epigramma
1030 2324 1138 2396 fuisset,
1151 2325 1279 2383 latuiSset
1293 2323 1382 2382 credo
1397 2323 1450 2382 sed

297 2406 329 2464 in
351 2404 561 2482 Anthologiam
588 2405 776 2481 peruenisset.
821 2405 909 2464 Nunc
935 2425 1003 2465 cum
1026 2424 1088 2465 non
1116 2415 1203 2476 extet,
1226 2423 1293 2463 eam
1321 2405 1450 2480 speciem

298 2486 408 2558 habuit,
437 2488 550 2562 opinor,
578 2505 668 2562 quam
701 2498 813 2550 ceterae
842 2487 985 2546 eiusmodi
1012 2488 1093 2560 Ἀραί.
1137 2487 1297 2563 Scripserat
1326 2489 1449 2559 κατευχὰς

300 2566 474 2639 Simonides
496 2569 521 2627 si
541 2578 619 2626 recte
641 2587 752 2628 nomen
772 2569 909 2628 traditum
929 2578 973 2626 est
994 2569 1025 2626 in
1047 2568 1144 2627 Schol.
1164 2567 1222 2627 Od.
1241 2572 1262 2638 ζ.
1286 2569 1353 2639 164,
1372 2569 1449 2640 ’Aple

299 2648 406 2710 Moero
421 2648 560 2726 Byzantia
574 2649 720 2728 (Parthen.
735 2649 814 2709 Erot.
833 2648 883 2729 27)
897 2659 926 2708 et
942 2649 1115 2726 Euphorion
1130 2648 1338 2718 Chalcidensis
1354 2649 1401 2708 hic
1419 2649 1449 2705 in

298 2731 394 2792 furem
409 2733 458 2808 qui
477 2731 616 2807 poculum
636 2732 817 2806 surripuerat,
833 2742 865 2790 ut
884 2750 920 2789 ex
934 2731 1024 2790 altero
1041 2733 1162 2790 nomine
1176 2731 1313 2789 carminis
1329 2753 1449 2802 ποτηριο-

299 2813 396 2883 κλέπτῃ
418 2812 566 2872 concludit
587 2811 752 2871 Meinekius
773 2813 858 2871 Anal.
874 2812 958 2871 Alex.
974 2833 1003 2891 p.
1021 2832 1065 2882 20,
1088 2813 1135 2872 illa
1158 2813 1194 2871 de
1215 2811 1339 2870 Alcinoe
1361 2829 1449 2887 quam

299 2892 448 2953 Nicandra
469 2893 635 2965 deuouerat,
658 2892 738 2970 quod
759 2911 791 2952 se
816 2912 884 2953 cum
908 2904 971 2954 toto
993 2912 1073 2952 anno
1098 2892 1177 2970 apud
1201 2911 1269 2952 eam
1289 2892 1450 2952 laborasset

300 2974 394 3033 soluta
418 2983 531 3033 tantum
559 2984 641 3050 parte
666 2975 806 3034 mercedis
832 2995 850 3034 a
874 2976 966 3034 domo
994 2976 1147 3052 exegisset.
1190 2974 1258 3033 Hae
1282 2976 1447 3050 perierunt:

299 3054 502 3115 Romanomm
516 3065 617 3114 contra
630 3066 786 3132 supersunt
803 3057 862 3115 duo
879 3057 1071 3116 deuotionum
1085 3058 1221 3127 carmina,
1237 3055 1325 3114 Dirae
1339 3054 1450 3114 Valerii

300 3135 422 3195 Catonis
439 3146 468 3195 et
484 3135 584 3195 Ouidii
603 3137 671 3196 Ibis.
714 3137 910 3214 Euphorionis
930 3156 966 3197 ex
986 3139 1064 3198 Diris
1083 3157 1172 3214 quem
1192 3139 1312 3197 unicum
1333 3155 1450 3197 uersum

300 3227 453 3277 seruarunt
475 3217 575 3295 Steph.
591 3218 624 3276 B.
640 3236 662 3277 s
673 3238 702 3279 u.
717 3219 816 3290 Ἀλύβη
836 3230 865 3278 et
880 3218 977 3278 Schol.
993 3220 1106 3279 Theoc.
1123 3220 1150 3278 ii.
1168 3238 1182 3276 a
1205 3219 1375 3278 hexameter
1396 3228 1448 3288 est,

300 3308 333 3358 ut
346 3299 417 3357 nihil
431 3299 499 3357 inde
513 3299 608 3374 colligi
621 3301 712 3376 possit
727 3301 763 3360 de
775 3300 945 3360 Callimachi
960 3301 1042 3360 Ibide
1057 3319 1147 3378 quam
1160 3299 1336 3376 Euphorion
1351 3317 1449 3376 presse

301 3388 417 3439 secutus
431 3380 562 3439 uideatur
577 3379 734 3440 Meinelrio
778 3381 858 3442 Nam
872 3379 968 3440 Dz'ras
985 3382 1161 3442 hexametris
1180 3383 1293 3458 scripsit
1308 3381 1384 3440 Cato
1398 3399 1450 3439 seu

300 3462 365 3539 quis
380 3461 451 3520 alius
466 3461 535 3520 suit:
558 3481 613 3522 nec
628 3463 683 3522 nisi
697 3481 735 3522 ex
749 3461 896 3522 Ouidiana
910 3463 994 3522 Ibide
1009 3475 1038 3524 et
1052 3464 1113 3523 eius
1128 3463 1251 3522 Scholiis
1272 3463 1377 3522 afferas
1398 3479 1450 3521 cur

301 3561 364 3602 non
386 3542 560 3602 hexametris
581 3553 659 3602 totae
682 3545 861 3621 compositae
884 3545 940 3604 sint
963 3555 992 3605 et
1013 3544 1183 3606 CaIIImachi
1204 3553 1234 3603 et
1254 3543 1449 3620 Euphorionis

301 3624 483 3691 deuotiones
1351 3625 1353 3630 “

336 3701 419 3765 'Illud
433 3706 626 3765 omittendum
641 3726 702 3766 non
716 3717 776 3766 erat
790 3709 820 3767 in
834 3709 889 3768 hac
903 3727 933 3767 re
949 3709 1029 3786 quod
1043 3709 1080 3766 ad
1095 3727 1123 3766 u.
1139 3707 1182 3767 Ib.
1194 3723 1252 3783 315
1276 3705 1359 3782 thue
1373 3724 1451 3764 neca-

301 3794 391 3846 torum
402 3786 611 3867 Daree'fraude
624 3790 738 3846 secundi
746 3788 796 3848 Sic
810 3796 859 3848 lue
872 3791 1012 3848 subradens
1026 3791 1135 3848 deuoret
1146 3807 1196 3846 era
1209 3791 1281 3847 cr'm's
1292 3787 1453 3846 Scholiasta

302 3869 450 3928 Galeanus
477 3869 550 3928 haec
575 3869 689 3948 tradidit
710 3869 825 3929 Dareus
842 3872 879 3949 fi.
899 3873 992 3946 prr'mi
1010 3865 1106 3929 Darei
1123 3874 1191 3946 quie
1213 3869 1369 3929 homenibus
1391 3869 1452 3926 surh

209 3985 211 3992 ,
302 3953 415 4009 ebreuil
433 3952 506 4026 quod
522 3969 575 4009 non
597 3953 727 4010 accederet
746 3971 787 4009 eos
808 3971 907 4010 uenmo
928 3955 1000 4010 reeut
1018 3960 1098 4028 pater
1117 3972 1186 4010 suus
1206 3953 1346 4009 consueuit
1365 3951 1453 4006 cr'ezere

301 4033 391 4090 calido
404 4053 447 4092 eos
461 4034 603 4110 tielerfecit.
654 4031 727 4091 Vnde
743 4031 916 4092 Cellrmacus
929 4041 1026 4092 contre
1040 4053 1121 4092 suum
1135 4032 1203 4092 Ibz'n
1218 4031 1266 4091 Sic
1281 4039 1312 4088 tu
1328 4032 1453 4106 depereat

210 4183 211 4186 Ἴ
302 4115 490 4189 siculperiere
501 4115 615 4172 secundi
627 4113 702 4185 Quor
715 4113 830 4172 Dareus
846 4117 930 4173 multo
944 4122 1101 4192 prorueret
1113 4117 1202 4174 cahere
1218 4111 1362 4191 (secundus
1378 4110 1454 4182 Ques

302 4195 388 4253 multo
411 4193 525 4254 Dareus
545 4196 677 4255 obruerat
696 4197 785 4254 ethere
808 4195 833 4254 C
858 4214 925 4254 cum
951 4194 1143 4272 Asheuiano).
1192 4194 1255 4253 Etsi
1278 4195 1357 4252 enim
1382 4191 1453 4250 nihil

303 4275 413 4334 habent
433 4275 499 4335 fidei
520 4277 700 4353 suppositicii
721 4294 823 4336 uersus
844 4279 943 4355 quales
964 4296 1026 4336 non
1048 4278 1133 4354 pauci
1153 4277 1185 4335 in
1205 4276 1250 4334 his
1272 4275 1389 4334 scholiis
1409 4291 1452 4330 re·

302 4357 459 4432 periuntur‚
474 4359 568 4434 potuit
585 4367 685 4416 tamen
706 4358 824 4417 historia
845 4359 918 4418 tradi
936 4378 973 4418 ex
988 4359 1158 4418 Callimachi
1171 4357 1255 4416 Ibide
1273 4355 1451 4435 prouenisse.

303 4435 390 4497 Certe
403 4438 434 4497 in
449 4437 506 4498 hoc
516 4457 577 4497 uno
588 4439 655 4498 loco
668 4439 837 4511 Scholiasta,
850 4459 918 4500 cum
932 4441 962 4499 in
976 4442 1073 4500 multis
1086 4438 1299 4499 Callimachum
1314 4435 1452 4512 allegarit,

302 4517 374 4578 illud
394 4521 426 4578 in
446 4539 525 4578 suum
546 4518 614 4579 Ibin
633 4520 778 4580 adnexuit.
822 4521 880 4580 Sed
901 4522 1018 4582 alternis
1032 4521 1207 4580 hexametris
1221 4532 1251 4579 et
1265 4517 1452 4597 pentametris
1503 4559 1506 4564 -
