3294 5214
619 432 947 519 enonaconuui.
1296 479 1354 518 xxv

205 621 306 698 rogetis
327 625 421 678 restat.
462 615 534 675 Erat
554 617 641 693 igitur
655 616 803 676 Labienus
825 633 916 694 egens
929 614 1046 675 infamis
1065 615 1195 688 odiosuS,
1209 619 1309 678 animo
1327 628 1357 678 et

204 701 323 778 ingenio
342 699 448 777 pariter
461 699 604 770 arblentres,
618 699 734 775 linguae
755 698 829 757 adeo
849 696 995 774 mordacis
1009 707 1039 757 et
1055 698 1190 758 efferatae
1204 709 1236 758 ut
1250 699 1357 759 Rabies

203 792 366 854 uocaretur,
378 791 408 840 et
421 782 520 840 caru'no
533 781 609 839 dente
621 781 663 839 uti
677 781 819 839 diceretur
833 798 850 839 a
864 779 984 857 populo.
1013 778 1097 839 Haec
1111 782 1211 840 omnia
1225 781 1261 840 de
1272 780 1357 840 Ibide

205 862 316 923 eisdem
337 881 433 941 paene
453 863 533 920 urbis
554 861 640 920 tradit
659 861 789 934 Ouidius,
805 880 834 920 ιι.
856 880 892 936 29
916 859 1044 920 Calcasti
1059 864 1111 936 qui
1129 881 1177 933 me,
1193 863 1357 935 uiolente,

206 947 343 1016 tacentem,
362 964 418 1020 ²²9
437 943 613 1019 Gallumque
631 943 780 1000 enbuerant
796 945 920 1021 infantia
938 943 1007 1001 lacte
1020 943 1153 1014 canino,
1170 944 1230 1002 Hic
1245 947 1358 1018 prtinus

199 1028 289 1102 pueri
304 1029 382 1084 uene't
399 1028 430 1084 in
450 1044 500 1083 ora
518 1025 604 1082 cibus.
619 1023 750 1083 Perbibit
768 1025 830 1082 ende
847 1043 913 1082 suae
930 1025 1061 1084 rabiem
1080 1027 1199 1084 nutriez's
1218 1026 1356 1098 alumnus,

205 1107 325 1167 Latrat
338 1109 406 1166 etin
419 1113 471 1165 tato
485 1106 571 1164 uerba
583 1108 687 1165 canina
696 1107 778 1183 foro.
819 1104 905 1177 Quae
923 1115 1020 1164 autem
1036 1106 1148 1166 Seneca
1166 1106 1246 1166 addit
1262 1108 1300 1167 de
1314 1109 1358 1165 in·

201 1191 317 1266 geniosa
336 1191 367 1248 in
380 1198 485 1265 menas
505 1189 671 1259 crudelitate,
687 1205 746 1264 qua
761 1197 814 1263 per
826 1186 950 1246 Labieni
964 1189 1088 1246 snzmz'cos
1104 1187 1239 1247 effectum
1261 1197 1305 1248 est
1326 1198 1359 1248 ut

206 1271 344 1330 historiae
365 1271 427 1329 eius
449 1269 687 1340 conburerentur,
705 1266 754 1345 (cl.
777 1268 856 1327 Suet.
878 1268 940 1327 Cal.
962 1266 1011 1346 16)
1032 1287 1107 1346 quae
1128 1288 1174 1329 res
1195 1271 1226 1328 in
1246 1288 1358 1329 annum

208 1350 325 1430 7651ιο
338 1352 452 1411 uidetur
465 1350 570 1409 cadere
584 1348 664 1428 (ude
677 1348 766 1409 Dion.
781 1349 815 1408 C.
831 1351 880 1424 56.
898 1347 948 1426 27)
962 1351 997 1410 iis
1014 1351 1108 1426 potuit
1127 1351 1224 1428 ipsum
1239 1369 1359 1411 carmen

207 1432 299 1492 Ibidis
314 1433 431 1510 oblique
445 1432 626 1509 respexisse;
655 1450 726 1490 nam
746 1440 775 1490 et
794 1441 889 1490 totum
909 1449 1027 1491 carmen
1044 1432 1074 1491 in
1088 1433 1237 1510 multiplici
1251 1451 1359 1509 genere

207 1533 371 1592 poenarum
384 1523 524 1581 uersatur,
541 1523 571 1573 et
585 1532 659 1591 quae
675 1514 787 1573 Seneca
800 1513 838 1572 de
851 1512 1031 1572 redundante
1044 1514 1076 1571 in
1089 1512 1211 1572 Labieni
1225 1515 1359 1576 inimicos

207 1596 350 1674 suppbcio
370 1596 447 1666 dicit,
461 1595 554 1654 multo
574 1595 670 1664 uerius
690 1595 726 1654 de
745 1595 810 1670 ipso
824 1594 955 1653 Labieno
974 1594 1208 1670 intelligerentur,
1223 1596 1247 1655 si
1265 1597 1360 1655 insec-

206 1678 299 1737 tando
314 1676 454 1736 Ouidium
468 1676 610 1736 effecisset
624 1686 656 1736 ut
669 1677 833 1752 supplitium
847 1677 878 1733 de
891 1676 992 1734 studiis
1004 1684 1165 1747 sanaretur,
1180 1677 1204 1736 si
1217 1694 1272 1754 pro
1285 1678 1360 1736 uirili

207 1761 350 1836 r'rtgent'um
378 1765 484 1838 poetae
508 1760 724 1834 proscrmszsset,
749 1757 773 1816 si
801 1758 926 1835 denique
951 1759 982 1815 in
1009 1764 1093 1834 caput
1116 1778 1197 1816 suum
1224 1766 1360 1835 regestum

209 1843 364 1900 iustissima
379 1841 507 1918 patiendi
524 1842 583 1898 urie
603 1841 676 1916 quod
692 1837 831 1897 Our'etiane
847 1841 1058 1916 excogitauerat
1073 1841 1205 1917 suppletu
1225 1841 1288 1918 ipse
1308 1860 1360 1900 ex-

206 1925 312 1998 piasset
331 1941 389 1981 suo.
432 1921 513 1983 Hinc
536 1930 660 1980 tractum
685 1921 817 1980 existimo
842 1921 911 1981 illud
936 1919 984 1978 Di
1004 1923 1126 1980 meliust
1156 1923 1236 1998 quod
1259 1932 1287 1981 et
1312 1941 1359 1999 ap.

210 2003 354 2064 Senecam
369 2013 397 2062 et
410 2003 440 2061 in
450 2003 494 2063 Ib.
505 2023 534 2064 u.
547 2022 583 2078 23
599 2003 703 2080 legitur
713 2001 755 2060 Di
769 2002 899 2073 melius,
912 2021 1027 2078 quorum
1041 2004 1120 2081 lenge
1131 2005 1206 2062 mibi
1215 2006 1361 2062 neaximus

210 2085 257 2144 ille
274 2092 315 2144 est
330 2090 424 2156 κ.τ.λ.;
450 2087 539 2145 etiarn
560 2084 683 2144 fortasse
697 2083 819 2142 Labieni
839 2093 964 2142 mortem
985 2086 1113 2162 respexit
1129 2085 1172 2144 Ib.
1187 2104 1215 2146 u.
1231 2101 1290 2160 519
1307 2084 1361 2144 In·

210 2166 396 2245 elususque
415 2185 503 2226 necem
520 2168 643 2243 patieris
660 2172 693 2223 ut
711 2167 757 2223 ille
775 2164 854 2224 Non
875 2164 1092 2243 profecturae
1113 2167 1276 2226 conditor
1296 2166 1360 2225 his·

210 2250 326 2308 toriae.
366 2248 445 2307 Nam
460 2257 488 2308 et
498 2247 688 2308 Callisthenes
703 2256 732 2305 et
743 2246 891 2306 Labienus
902 2247 1034 2307 historias
1049 2247 1230 2325 scripserant,
1239 2249 1361 2326 uterque

211 2330 340 2389 inclusus
353 2329 444 2407 periit,
461 2349 552 2390 cauea
566 2330 621 2401 ille,
636 2327 682 2388 hic
697 2328 862 2406 sepulchro.

252 2411 290 2470 T.
306 2412 470 2470 Labienum
488 2413 519 2469 in
533 2410 634 2469 Africa
652 2420 753 2470 natum
773 2428 838 2468 esse
856 2427 1035 2486 quamquam
1054 2428 1143 2469 nemo
1162 2410 1285 2483 tradidit,
1300 2429 1362 2470 non

210 2512 249 2553 ex
271 2511 308 2552 eo
333 2494 365 2551 lit
386 2492 578 2569 improbabile
603 2492 683 2569 quod
706 2492 774 2551 dicit
797 2490 991 2563 Quintilianus
1012 2490 1029 2550 i.
1052 2505 1079 2565 5.
1103 2505 1118 2566 7
1142 2491 1362 2551 Barbarismum

205 2574 340 2652 pluribus
353 2576 440 2633 modis
457 2575 615 2652 accipimus,
629 2593 716 2632 unum
725 2581 812 2649 gente,
827 2575 908 2648 quale
925 2579 971 2639 est,
987 2575 1090 2648 siquis
1102 2571 1212 2653 Afrum
1230 2575 1276 2632 uel
1287 2575 1361 2633 His-

207 2667 314 2733 panum
329 2656 451 2715 Latinae
466 2658 590 2715 orationi
605 2674 699 2714 nomen
713 2657 833 2714 inserat:
855 2663 889 2714 ut
894 2656 1023 2734 ferrum,
1038 2673 1090 2731 quo
1102 2662 1177 2713 rotae
1189 2657 1362 2729 umerimtur,

211 2740 271 2796 dici
287 2740 354 2796 solet
373 2738 503 2810 ‘cantus'
523 2757 690 2814 quamquam
710 2755 738 2795 eo
757 2743 899 2812 tamquam
919 2744 1021 2812 recepta
1041 2739 1131 2795 utz'tur
1143 2735 1273 2808 Persius,
1291 2740 1366 2796 sicut

215 2819 346 2879 Catullus
367 2819 547 2894 ‘ploxmum'
569 2825 647 2877 circa
660 2818 775 2877 Padum
796 2821 909 2888 mama,
930 2825 957 2876 et
975 2821 1148 2877 moratione
1165 2818 1289 2877 Labieni
1304 2822 1364 2878 sz'ue

213 2902 265 2960 illa
278 2899 396 2960 Corneli
410 2900 493 2960 Galli
502 2907 544 2959 est
555 2903 585 2958 in
597 2900 750 2959 Pobe'onem
765 2900 896 2958 ‘casamo'
910 2901 1062 2959 adsectator
1074 2919 1088 2957 e
1104 2899 1203 2959 Gallr'a
1217 2902 1363 2960 adductum

211 2989 258 3041 est.
301 2982 380 3042 Nam
395 2981 564 3054 Quintiliani
577 2982 674 3041 uerbis
689 2982 756 3041 satis
775 2982 885 3040 factum
899 2983 951 3040 erit
965 2983 989 3040 si
1003 2982 1040 3041 de
1055 2981 1149 3040 Gallia
1168 2994 1218 3041 aut
1232 2993 1263 3041 ut
1277 2984 1363 3042 unius

191 3063 303 3124 -Corn
326 3063 401 3122 Galli
422 3063 627 3124 Foroiuliensis
648 3064 740 3140 patria
761 3063 868 3122 dixisse
890 3064 1044 3140 putabitur,
1066 3073 1116 3122 aut
1140 3072 1172 3122 ut
1196 3065 1273 3122 auita
1294 3065 1363 3123 sede

212 3145 420 3216 Labienorum,
442 3163 510 3204 cum
531 3145 679 3204 Labienus
699 3145 724 3203 is
745 3145 794 3220 qui
814 3145 928 3221 legatus
951 3144 1067 3204 Caesari
1089 3163 1168 3204 anno
1190 3145 1308 3224 696158
1334 3155 1363 3204 et

212 3237 316 3304 postea
345 3222 464 3303 700154
493 3227 531 3286 ad
560 3225 675 3302 703l51
704 3224 816 3285 Galliae
844 3224 975 3302 praefuit,
1003 3227 1043 3284 ibi
1071 3226 1120 3285 diu
1148 3228 1238 3303 egerit
1265 3227 1364 3304 ibique

213 3309 343 3384 insignes
367 3326 413 3368 res
437 3308 515 3367 bello
539 3309 667 3384 gesserit,
689 3307 766 3366 unde
790 3307 900 3366 famam
921 3308 1074 3367 militarem
1098 3325 1160 3367 non
1185 3308 1363 3368 mediocrem

213 3399 389 3450 consecutus
410 3397 461 3449 est.
503 3389 563 3449 Hic
578 3389 725 3448 Labienus
742 3399 900 3466 postquam
921 3407 1001 3448 anno
1016 3389 1134 3468 705149
1150 3409 1167 3448 a
1182 3389 1306 3449 Caesare
1325 3390 1364 3450 ad

213 3470 389 3547 Pompeium
412 3470 612 3548 transfugerat,
634 3488 714 3531 anno
742 3470 861 3529 demum
885 3470 1001 3546 708l46
1023 3471 1155 3548 Cyrenas
1181 3472 1213 3530 in
1233 3471 1364 3532 Africam

214 3552 372 3629 profectus,
393 3569 465 3612 mox
486 3571 554 3612 cum
575 3551 696 3611 Afranio
718 3551 891 3628 Petreioque
913 3553 972 3611 dux
993 3552 1241 3629 Pompeianorum
1262 3563 1365 3614 contra

215 3633 373 3693 Caesarem
388 3634 562 3706 decertabat,
576 3634 617 3692 uti
635 3643 781 3693 narratum
799 3634 892 3692 estin
913 3634 990 3693 bello
1004 3634 1143 3693 Africano
1163 3653 1195 3692 ra
1212 3652 1275 3712 sqq.
1317 3635 1364 3693 Ibi

214 3716 246 3773 in
265 3715 386 3790 regione
405 3716 486 3774 iuxta
502 3715 608 3792 Syrtim
623 3715 779 3786 Minorem,
796 3732 854 3790 qua
874 3715 905 3772 in
925 3715 1045 3790 regione
1066 3715 1176 3791 oppida
1196 3726 1264 3774 sunt
1278 3715 1365 3775 Utica

216 3797 350 3873 Ruspina
370 3795 471 3873 Leptis
495 3815 586 3874 parua
606 3796 822 3856 Hadrumetum
843 3795 991 3872 Thapsus,
1012 3814 1073 3854 non
1097 3797 1186 3869 longe
1209 3816 1228 3856 a
1250 3796 1364 3875 Cinype

215 3878 306 3937 fluuio
333 3879 384 3955 qui
407 3879 482 3937 inter
509 3879 581 3937 duas
605 3878 702 3955 Syrtes
726 3876 839 3936 medius
866 3876 935 3948 fluit,
963 3876 1126 3935 Labienum
1152 3877 1241 3948 illum,
1267 3877 1365 3937 Ouidii

215 3960 449 4030 obtrectatorem,
471 3960 581 4019 editum
602 3960 691 4019 credo
712 3958 817 4017 Maura
840 3969 940 4029 matre,
962 3959 1022 4017 siue
1045 3976 1113 4016 eum
1133 3958 1196 4035 ipse
1216 3959 1365 4020 Labienus

216 4051 420 4118 progenuerat,
435 4041 496 4100 siue
515 4060 551 4101 ex
573 4041 629 4100 alio
651 4051 752 4099 natum
773 4059 827 4118 pro
849 4056 902 4099 suo
921 4039 1119 4115 adoptauerat.
1162 4039 1247 4112 Quae
1264 4042 1365 4117 opinio

216 4123 240 4182 si
260 4140 331 4182 uera
351 4130 404 4193 est,
424 4122 545 4199 hybrida
565 4123 636 4194 fuit;
661 4122 742 4198 quod
762 4121 939 4180 uocabulum
961 4122 1142 4197 nescioquo
1164 4140 1234 4180 casu
1254 4124 1365 4200 primus

215 4204 367 4281 usurpauit
381 4204 505 4281 scriptor
519 4204 590 4264 Belli
604 4203 734 4263 Africani
751 4203 788 4262 de
806 4205 872 4280 ipso
886 4202 1017 4261 Labieno
1031 4203 1154 4278 loquens
1172 4222 1207 4278 19
1223 4203 1366 4264 Labienus

215 4304 282 4363 quos
296 4285 339 4344 rbi
349 4281 392 4362 (in
406 4281 517 4364 Africa)
532 4293 627 4361 postea
646 4304 686 4345 ex
703 4285 830 4360 hybridas
847 4284 987 4342 libertinis
1005 4287 1144 4360 seruisque
1157 4289 1365 4363 conscripserat,

216 4373 386 4426 armauerat.
403 4367 479 4426 Sane
489 4365 1367 4445 confluxerateomiracolluuieslebertz'rrorum,Asr0rum,ser-

216 4467 315 4507 uorum
326 4450 438 4524 denique
452 4456 478 4506 et
488 4450 807 4526 cuiusquemodigenerzs
815 4448 956 4506 hominurn
967 4446 1078 4526 (Bau.
1090 4445 1150 4525 36),
1161 4449 1262 4524 quales
1272 4450 1366 4508 inimi*

218 4547 286 4589 cum
301 4547 387 4590 suurn
400 4548 571 4607 procreasse
582 4530 707 4591 Ouidius
721 4539 851 4607 optasset
865 4540 951 4602 certe,
966 4529 1052 4589 credo
1068 4531 1156 4590 etiam
1170 4531 1351 4606 significauit.
