3312 5200
310 447 367 500 114
720 439 1068 500 COMMENTARIVS.

305 599 366 653 Nec
374 599 526 668 finiantur
538 603 626 652 morte
643 599 783 668 supplices
796 598 823 669 (1
831 598 981 669 simplices)
998 601 1109 668 menae.
1147 597 1233 652 lenius
1251 599 1357 654 claudit
1376 600 1464 654 hexa-

306 679 428 724 metrum
449 670 488 722 M.
503 687 547 722 xv.
560 681 621 738 751,
640 668 692 722 xiv.
707 669 767 735 667.
902 672 966 724 19¹1.
985 671 1065 724 Inde
1083 686 1117 723 ex
1135 670 1221 724 tantis
1240 670 1323 724 malis
1343 688 1416 740 quae
1434 680 1464 724 te

306 749 431 795 manent.
475 741 603 794 1161111611
621 743 662 794 ab
679 743 738 794 Ide
757 741 797 795 M.
811 738 866 795 xiii.
880 755 933 808 3²4
950 741 1169 811 simfrondibus
1180 741 1230 794 Ide
1241 743 1328 794 stabit
1342 741 1462 810 (Burin.)

308 812 341 866 ll.
354 810 407 866 xxi.
421 824 474 880 449
486 807 558 877 Ἰδητ
576 811 603 864 ἐν
620 813 740 878 κνημοῖσι
757 809 927 878 πολυπτύχου
946 810 1087 879 ὑληέσσης.
1220 814 1286 866 198.
1306 827 1463 866 summam

306 897 420 947 aquam
442 899 477 936 ex
498 880 645 950 superficie
667 897 811 951 aquarum.
878 885 917 936 (16
941 898 1035 936 mare.
1086 879 1142 936 Hic
1163 881 1304 936 ablatiuus
1325 882 1464 952 reperitur

307 955 341 1007 A.
355 955 390 1006 A.
404 951 441 1006 iii.
455 965 499 1020 94,
511 952 594 1007 Trist.
609 971 634 1006 v.
648 966 672 1006 2.
687 966 730 1020 zo,
744 953 824 1005 Pont.
839 951 874 1007 iv.
885 953 909 1006 6.
921 953 964 1018 46.
997 953 1091 1021 (Ν6116
1105 954 1306 1007 Formenlehre
1320 953 1337 1006 i.
1350 970 1378 1022 p.
1391 952 1461 1020 234.)

308 1025 352 1077 Ex
369 1025 496 1077 Varrone
517 1022 640 1077 Atacino
659 1021 747 1077 citant
771 1022 915 1077 Charisius
935 1022 1008 1092 i.15,
1031 1023 1191 1078 Priscianus
1210 1023 1255 1078 vii.
1273 1039 1301 1076 11
1328 1025 1465 1095 Cingitur

309 1094 424 1162 Oceano,
437 1093 637 1162 Libycomare,
645 1093 772 1163 flumine
783 1093 861 1147 Nilo.
934 1097 1111 1148 20016116
1129 1097 1244 1149 Cilissa
1263 1111 1371 1150 oroooe
1391 1095 1462 1148 Plin.
1490 1140 1492 1145 .

308 1167 346 1220 H.
366 1167 402 1218 N.
424 1163 478 1219 xxi.
498 1179 529 1234 31
559 1165 662 1219 Prima
682 1165 815 1218 nobilitas
837 1164 936 1219 Cilicio
959 1164 1056 1233 (uoco)
1077 1171 1106 1218 et
1125 1166 1167 1219 ibi
1185 1168 1217 1219 in
1237 1167 1340 1233 Coryco
1362 1171 1460 1219 monte.

309 1237 389 1290 Lucr.
403 1234 431 1290 ii.
444 1237 504 1302 416.
621 1237 691 1289 202.
714 1237 818 1290 Athos
836 1252 901 1289 cum
922 1236 1019 1302 Hybla
1037 1235 1161 1305 iungitur
1178 1237 1210 1290 A.
1225 1239 1260 1290 A.
1274 1236 1299 1290 ii.
1317 1249 1366 1305 517
1389 1237 1463 1305 Quot

306 1307 414 1376 lepores
424 1307 456 1360 in
468 1307 496 1360 A
499 1305 555 1374 tho,
568 1311 636 1375 quot
647 1309 713 1376 apes
720 1309 883 1376 pascuntur
892 1308 924 1360 in
936 1307 1040 1377 Hybla.
1146 1309 1219 1371 203,
1230 1309 1300 1360 204.
1323 1309 1355 1361 ll.
1369 1306 1396 1360 ii.
1410 1307 1462 1372 488

306 1377 415 1446 Πληθύν
424 1376 446 1430 δ’
456 1378 501 1430 οὐκ
513 1377 545 1430 ἃν
554 1377 605 1447 ἐγὼ
616 1376 764 1444 μυθήσομαι
777 1375 831 1429 οὐδ’
840 1375 963 1444 ὀνομήνω,
974 1375 1036 1429 Οὐδ’
1045 1374 1070 1430 εἴ
1079 1398 1123 1444 μοι
1133 1376 1193 1430 δέκα
1204 1377 1252 1446 μὲν
1260 1380 1392 1448 γλῶσσαι,
1404 1377 1463 1429 δέκα

307 1447 336 1500 δὲ
349 1444 457 1516 στόματ’
468 1443 527 1515 εἶεν,
540 1446 613 1514 Φωνὴ
626 1444 649 1500 δ’
661 1446 795 1516 ἄρρηκτος,
807 1448 920 1517 χάλκεον
932 1446 962 1501 δέ
973 1469 1017 1510 μοι
1029 1445 1091 1516 ἦτορ
1104 1447 1178 1516 ἐνείη.
1266 1451 1338 1502 204.
1356 1452 1463 1502 multi·

307 1522 432 1584 plicata
465 1517 621 1588 Quinquies
634 1516 750 1571 recurrit
763 1517 818 1571 hoc
830 1519 948 1572 uerbum
961 1518 989 1572 in
1002 1518 1180 1572 Carminibus
1191 1535 1264 1588 quae
1274 1520 1337 1572 exul
1350 1519 1461 1587 scripsit

308 1589 439 1655 Ouidius,
459 1590 500 1644 Ib.
515 1589 576 1658 642,
595 1588 679 1642 Trist.
699 1588 734 1642 iv.
753 1588 777 1642 6.
798 1589 840 1657 38,
860 1607 884 1642 v.
902 1604 923 1643 1.
937 1589 980 1656 64,
1000 1591 1080 1643 Pont.
1100 1589 1134 1643 iv.
1151 1605 1176 1658 9.
1188 1590 1241 1656 67:
1267 1590 1368 1659 quibus
1388 1589 1462 1643 adde

308 1662 389 1714 Rem.
404 1662 446 1729 98.
542 1662 615 1724 205,
627 1663 654 1712 8.
676 1660 854 1713 Praeclarum
867 1658 1007 1728 ὀξὺμορον.
1047 1661 1088 1714 Cf.
1102 1659 1130 1713 in
1144 1677 1174 1714 re
1188 1660 1316 1714 dissimili
1330 1663 1363 1714 A.
1375 1663 1409 1714 A.
1423 1660 1461 1715 iii.

308 1732 360 1785 288
380 1733 452 1786 Cum
464 1733 526 1785 risu
538 1732 614 1786 laeta
625 1735 667 1783 est
678 1730 776 1797 altera,
780 1730 855 1800 flere
861 1734 952 1800 putes.
1025 1734 1096 1785 206.
1114 1735 1159 1785 Vt
1177 1735 1247 1796 cogi
1264 1735 1299 1785 in
1315 1735 1463 1784 1661111166

307 1802 352 1871 Aj.
366 1817 419 1870 924
436 1802 470 1856 ebe
483 1802 523 1855 καὶ
535 1800 594 1869 παρ’
608 1801 711 1870 ἐχθροῖς
722 1800 794 1868 ἄξιος
806 1799 906 1870 θρήνων
918 1803 1012 1870 τυχεῖν.
1084 1805 1235 1856 noo-246.
1258 1801 1413 1856 Conuersio
1426 1802 1463 1855 ad

308 1873 418 1927 natales
433 1872 522 1927 Ibidis
535 1882 563 1926 et
575 1873 773 1940 horoscopum.
880 1874 946 1926 210.
967 1875 1139 1927 Commode
1151 1872 1280 1926 salutaris
1294 1882 1323 1926 ut
1338 1875 1420 1941 Prop.
1435 1872 1462 1927 ii.

308 1955 349 2008 27.
364 1957 381 2008 4
402 1943 480 2012 Quae
497 1945 536 1997 sit
552 1943 635 1995 stella
652 1940 763 1996 bomini
779 1943 928 2010 commoda,
941 1959 1066 2012 quaeque
1083 1945 1161 1997 mala
1174 1942 1287 2012 (Sala).
1341 1947 1463 1997 leuisue

307 2013 439 2081 benigna
478 2013 638 2083 Opponitur
647 2015 741 2083 grani
752 2015 827 2068 Pers.
841 2032 866 2067 v.
882 2030 917 2078 50
934 2015 1150 2084 Saturnumque
1157 2031 1287 2084 grauem,
1302 2015 1384 2083 Prop.
1399 2033 1422 2068 v.
1441 2029 1461 2068 1.

308 2085 350 2149 84.
435 2087 495 2138 211.
515 2087 625 2139 Venus
637 2095 665 2138 et
678 2087 801 2149 Iupiter
814 2084 932 2138 benefici
946 2085 975 2137 in
988 2085 1085 2153 genesi
1098 2085 1252 2139 hominum.
1292 2085 1418 2139 Macrob.
1434 2085 1462 2137 in

309 2156 405 2209 Somn.
427 2154 501 2224 Scip.
521 2155 537 2210 i.
558 2170 597 2223 19.
617 2169 652 2208 20
680 2171 735 2209 cur
753 2156 906 2209 notabilior
925 2156 1083 2225 benegnitas
1104 2156 1183 2211 louis
1203 2161 1231 2209 et
1256 2157 1368 2209 Veneris
1388 2157 1464 2208 inter

303 2225 494 2296 genethliacos
505 2226 649 2281 habeatur.
685 2229 795 2280 Venus
806 2229 915 2280 illuxit
927 2225 968 2280 sic
980 2243 1015 2280 ex
1028 2227 1054 2280 G
1065 2225 1151 2280 edidi.
1188 2229 1279 2280 Erunt
1293 2225 1339 2295 qui
1353 2227 1464 2296 affulsit

307 2297 476 2366 praeferant,
489 2296 518 2351 in
537 2313 593 2367 quo
610 2297 698 2351 uerbo
713 2296 772 2364 (Sil.
787 2297 831 2351 vii.
846 2296 910 2366 467)
925 2297 997 2350 inest
1016 2297 1094 2351 notio
1113 2313 1256 2366 prospera.
1295 2297 1359 2351 Seu.
1381 2298 1461 2350 Suas.

307 2382 369 2432 42
395 2369 525 2422 natales
546 2369 700 2436 inquirunt
719 2373 747 2420 et
769 2367 909 2436 primam
934 2368 1007 2421 aeui
1032 2368 1144 2421 horam
1169 2369 1296 2421 omnium
1320 2384 1463 2420 annorum

307 2437 409 2492 liabent
425 2441 566 2507 nuntiam,
585 2441 745 2507 ambierint
763 2443 840 2491 rnatu
858 2439 960 2505 sidera,
978 2440 1010 2491 in
1028 2456 1100 2508 quas
1116 2439 1340 2493 discucurrerint
1356 2442 1462 2508 partes,

308 2515 441 2563 contrane
458 2511 526 2564 deus
543 2511 653 2564 steterit
673 2527 711 2564 an
733 2509 887 2578 placidus
909 2509 1073 2564 affulserit
1095 2511 1152 2578 sol,
1173 2526 1258 2579 quem
1279 2510 1372 2562 locum
1395 2508 1463 2562 citat

309 2581 413 2648 Mayor
422 2580 459 2634 ad
473 2583 571 2635 quen.
581 2579 635 2635 xiv.
646 2582 706 2648 248.
777 2583 843 2633 212.
862 2583 1014 2644 Lunaque
1027 2584 1134 2644 solque
1147 2597 1220 2650 quae
1233 2581 1324 2632 uitam
1336 2585 1463 2632 nostram

301 2654 457 2721 praecipue
478 2652 667 2718 moderantur,
690 2667 755 2705 cum
776 2650 924 2716 elaborabo
945 2651 980 2704 id
999 2657 1040 2704 est
1059 2651 1199 2704 sentiendi
1218 2655 1325 2703 natura
1345 2651 1462 2718 desole,

306 2722 416 2790 φυτικὸν
430 2728 532 2790 autem,
545 2723 580 2776 id
593 2728 635 2776 est
651 2722 791 2776 crescendi
806 2727 913 2774 aalma
931 2722 964 2775 de
982 2723 1084 2775 lunari
1099 2723 1140 2776 ad
1155 2739 1205 2774 nos
1218 2723 1384 2792 globositate
1397 2725 1463 2790 per—

308 2794 427 2846 ueniant
446 2793 585 2861 (Macrob.
604 2793 633 2847 in
653 2794 681 2847 S.
696 2793 723 2847 S.
739 2792 756 2847 i.
773 2807 812 2860 19.
826 2791 880 2859 23).
953 2794 1017 2846 213.
1039 2796 1161 2848 utiliter
1178 2797 1299 2856 positos
1316 2796 1464 2857 praebuit

308 2863 410 2917 eodem
435 2864 521 2917 ruodo
543 2863 697 2918 construxit
722 2873 752 2916 ut
775 2879 819 2931 ap.
843 2862 901 2918 Cic.
925 2862 980 2917 Off.
1001 2861 1018 2917 i.
1038 2864 1080 2931 36.
1104 2879 1149 2931 131
1176 2865 1334 2934 appetitum
1356 2863 1466 2916 rationi

309 2933 475 2988 obedientem
493 2936 684 3004 praebeamus.
723 2935 764 2988 M.
780 2932 825 2986 xii.
841 2934 895 3000 484
918 2935 953 2987 Vt
969 2936 1040 2990 sate's
1057 2935 1178 2988 inlaesos
1196 2935 1318 2986 miranti
1329 2933 1464 3003 praebuit

308 3010 399 3059 artus.
435 3009 557 3060 utiliter
573 3021 717 3075 prospere.
756 3003 854 3058 Manil.
868 3003 902 3058 iv.
917 3017 971 3072 476
982 3019 1032 3058 nee
1042 3011 1148 3074 quarta
1161 3005 1237 3073 (pars
1251 3002 1401 3072 Erigones)
1415 3019 1465 3056 nec

307 3080 409 3128 octaua
428 3075 503 3130 utilis
522 3093 665 3145 umquam.
719 3079 840 3140 positos
858 3085 888 3129 ut
906 3077 1026 3145 positus,
1043 3078 1178 3145 positura
1199 3075 1343 3129 stellarum
1362 3074 1464 3128 dicitur

310 3146 382 3200 Gell.
395 3144 449 3200 xiv.
463 3161 485 3200 1.
499 3161 509 3198 1
525 3156 552 3200 et
566 3158 606 3214 15.
660 3149 727 3200 214.
747 3149 854 3208 Quem.
883 3145 1055 3200 Mercurium
1064 3146 1155 3214 magis
1169 3145 1269 3201 ceteris
1281 3144 1355 3198 Ibidi
1368 3146 1463 3199 fauere

309 3215 440 3304 oportuit.
477 3216 539 3271 Ael.
560 3219 598 3271 H.
619 3219 656 3272 N.
675 3235 700 3271 x.
720 3230 753 3283 ²7
776 3217 812 3288 τῷ
829 3215 910 3284 Ἐρμῇ
931 3219 1000 3284 φασι
1021 3216 1058 3288 τῷ
1075 3218 1153 3299 ποτμὶ
1171 3222 1221 3270 τῶν
1239 3217 1327 3284 λόγων
1347 3217 1464 3282 φιλεῖται

310 3285 337 3354 (η
355 3281 765 3357 ἶβις),ιιοι16Ἐρμοῖκῆςῖβεως
784 3286 812 3340 111
831 3304 939 3356 papyro
958 3286 1070 3356 magica
1089 3287 1166 3341 edita
1182 3305 1200 3341 a
1218 3288 1358 3354 Partheyo
1371 3286 1388 3340 i.
1402 3286 1463 3351 246.

309 3359 462 3411 2161616
478 3362 721 3422 necquicquam
740 3361 901 3423 placidum
921 3361 1108 3422 spondentia.
1126 3362 1240 3412 Martie
1261 3360 1377 3411 Sidere.
1416 3356 1464 3411 Sic

310 3427 410 3482 Cicero
429 3427 458 3481 in
478 3428 595 3482 Somnio
616 3428 756 3498 Scipionis
775 3428 811 3483 de
833 3431 903 3498 Rep.
922 3429 957 3483 vi.
979 3431 1027 3495 187
1050 3434 1112 3482 tum
1133 3429 1242 3483 rutilus
1265 3427 1465 3496 horribilesque

308 3501 394 3554 terris
417 3515 499 3568 quem
522 3501 667 3554 Martium
691 3501 792 3554 dt'cites.
838 3500 965 3553 Macrob.
988 3499 1017 3552 in
1043 3501 1071 3554 S.
1093 3501 1119 3553 S.
1141 3499 1271 3568 i.19.19
1295 3499 1465 3568 plerumque

307 3569 342 3624 de
353 3571 464 3624 Martis
475 3571 557 3624 stella
569 3571 709 3624 terribilia
720 3572 833 3624 ene-nire
843 3571 988 3640 definiunt.
1097 3573 1164 3624 216.
1182 3576 1367 3634 presserunt
1380 3569 1463 3622 ‘bore

310 3641 409 3694 down’
455 3643 501 3695 De
523 3642 635 3696 fortuna
659 3650 793 3710 uergente
818 3640 846 3694 in
871 3641 976 3710 peiora.
1025 3641 1203 3695 Contrarium
1228 3640 1370 3710 estquod
1396 3638 1463 3693 dicit

308 3710 430 3767 Arellius
457 3713 566 3766 Fuscus
587 3730 632 3782 ap.
654 3713 718 3766 Sen.
740 3713 820 3766 Sues
839 3726 863 3779 4.
883 3726 898 3765 z
923 3727 962 3764 an
982 3729 1019 3765 ex
1038 3711 1144 3765 humili
1162 3713 1194 3764 in
1214 3712 1332 3765 sublime
1352 3711 1466 3779 Iupiter

307 3783 415 3839 tulerit.
446 3783 580 3838 Manilius
593 3783 620 3838 ii.
631 3783 680 3851 562
693 3781 844 3851 Sagittario
857 3791 939 3837 natos
949 3783 1089 3852 depressos
1099 3782 1166 3837 dicit
1179 3783 1215 3836 ab
1229 3781 1263 3835 iis
1273 3781 1320 3851 qui
1335 3780 1463 3835 Geminis

310 3853 396 3908 Libra
413 3854 529 3922 Virgine
550 3853 676 3924 Aquario
698 3853 751 3906 orti
776 3863 850 3908 sunt.
920 3856 1115 3917 falciferique
1140 3853 1261 3919 Saturni,
1285 3867 1357 3921 quae
1382 3852 1464 3904 stella

308 3925 435 3994 malem
456 3924 558 3978 dicitur
576 3942 594 3978 a
613 3924 761 3978 Macrobio
782 3924 811 3977 in
834 3925 862 3978 S.
877 3926 905 3978 S.
925 3923 943 3979 i.
966 3939 1005 3992 19.
1025 3939 1067 3978 20.
1154 3926 1220 3977 218.
1247 3926 1363 3986 Turpis
1385 3922 1464 3975 caelo

309 3995 428 4049 deformi
448 3995 535 4048 ‘foul'
554 3995 719 4064 ‘lowering.’
843 3998 909 4050 219.
933 3998 968 4049 111
986 3998 1086 4049 fastis.
1123 3993 1195 4048 Dies
1214 3993 1242 4046 in
1262 4010 1318 4062 quo
1341 3991 1463 4046 Romani

309 4082 327 4120 a
349 4065 439 4120 Gallis
460 4065 527 4120 uicti
550 4075 614 4119 sunt
635 4066 672 4119 ad
694 4065 797 4119 Alliam
817 4067 852 4120 A.
869 4067 904 4119 V.
923 4067 953 4119 C.
973 4066 1025 4133 364
1043 4065 1094 4118 fult
1112 4083 1149 4119 xv
1170 4074 1236 4118 ante
1260 4065 1323 4117 Kal.
1344 4063 1463 4117 Sextiles

310 4135 385 4206 (July
401 4137 452 4205 18).
490 4136 601 4190 Eodem
619 4135 664 4190 die
684 4135 765 4189 Fabii
783 4136 820 4190 ad
839 4137 1001 4190 Cremeram
1019 4135 1187 4190 ceciderant.
1226 4134 1303 4188 Hinc
1320 4133 1349 4187 in
1369 4133 1464 4187 Fastis

307 4206 471 4261 Antiatibus
485 4206 586 4260 dicitur
597 4207 657 4260 de'es
667 4207 766 4261 Alliae
778 4212 806 4260 at
815 4207 882 4260 Fab.
895 4207 1074 4276 (Mommsen
1089 4207 1161 4260 ClL.
1175 4205 1192 4260 i.
1206 4221 1233 4274 p.
1244 4203 1318 4274 397).
1356 4208 1464 4269 grauis

307 4277 427 4331 funesta.
462 4279 542 4331 Rem.
555 4293 607 4330 220
618 4279 731 4331 damnis
742 4278 826 4331 Allia
839 4283 905 4331 nota
917 4279 983 4331 snis.
1019 4278 1054 4332 A.
1065 4279 1097 4331 A.
1109 4276 1126 4331 i.
1136 4291 1188 4344 413
1200 4275 1369 4345 quaflebilis
1380 4275 1465 4329 Allia

309 4349 369 4401 luce
386 4348 553 4401 Vulneribus
564 4349 658 4402 Latiis
669 4349 961 4418 sangnz'nolentafuit.
993 4364 1116 4402 nomen.
1148 4347 1219 4400 Dies
1232 4345 1365 4400 Alliensis
1379 4355 1422 4399 est
1435 4345 1464 4398 in

310 4417 405 4471 Fastis
415 4418 577 4472 Amitemis
622 4422 693 4474 220.
709 4423 864 4483 Quaeque
896 4418 983 4488 Quasi
994 4419 1078 4486 dicat,
1091 4420 1172 4472 Haec
1182 4427 1225 4472 est
1234 4417 1294 4470 dies
1305 4414 1464 4470 communis

311 4488 430 4541 duorum
444 4489 611 4542 damnorum
627 4489 805 4558 reipublicae,
820 4489 880 4543 dies
894 4489 1035 4557 Alliensis,
1049 4488 1109 4542 dies
1123 4489 1224 4542 eadem
1237 4505 1294 4557 qua
1309 4487 1367 4541 Ibis
1380 4496 1463 4540 natus

310 4566 361 4612 est.
407 4561 536 4622 publiea
547 4563 663 4614 damna
676 4560 793 4629 Epiced.
809 4559 894 4614 Drusi
908 4575 966 4614 200.
1003 4558 1163 4630 Opponitur
1176 4559 1365 4630 bonopublieo
1378 4563 1465 4611 natea
