3312 5200
304 459 362 516 116
705 457 1053 518 COMMENTARIVS.

301 616 372 668 238.
389 627 489 677 usque
510 617 570 668 sub
591 629 647 668 ore
666 613 757 669 ‘close
775 632 813 683 up
835 625 866 669 to
883 615 928 668 his
946 615 1025 670 iace)
1062 615 1278 683 Coniunguntur
1299 617 1387 682 usque
1406 613 1459 666 suh

303 685 336 738 G.
355 699 375 738 1.
390 699 450 738 211.
602 687 671 738 240.
691 688 739 738 De
757 689 861 740 tribus
874 722 881 739 .
895 727 902 740 .
914 702 997 740 uno.
1012 701 1102 740 soror
1122 689 1162 740 M.
1174 705 1199 740 x.
1214 700 1265 753 313
1285 685 1459 752 tumidisque

301 755 424 824 adstauit
434 753 559 807 echidnis
570 754 600 807 E
611 754 702 808 tribus
715 772 773 808 una
785 773 871 810 soror.
1008 759 1075 810 241.
1093 760 1252 810 mouimus
1271 755 1458 810 excitauimus

303 819 412 880 ‘'called
434 825 525 879 forth!
563 826 630 879 Her.
651 845 676 879 x.
698 827 756 893 148,
778 827 873 895 Quint.
892 827 927 881 vi.
950 842 971 881 1.
990 841 1025 893 44
1049 831 1187 891 Tempus
1207 831 1243 880 in
1266 830 1459 880 immensum

304 895 349 950 ‘to
368 897 422 949 last
440 896 484 948 sor
502 897 600 964 ages’3
622 897 732 950 abhoc
751 914 839 966 usque
858 908 986 967 tempore
1004 897 1173 952 lacrimabis.
1281 899 1353 949 242.
1372 899 1458 950 suffi-

302 971 410 1023 ciente,
421 965 513 1020 actiue
525 966 649 1035 positum
662 966 774 1021 uidetur
786 977 816 1031 ut
829 968 863 1023 G.
875 968 912 1022 iii.
923 968 956 1036 65
972 969 1061 1022 aliam
1074 985 1111 1021 erc
1120 970 1181 1022 alia
1189 968 1352 1038 generando
1365 969 1459 1036 suffice

296 1038 415 1118 prolem.
456 1039 540 1090 Noua
553 1054 665 1107 semper
677 1055 763 1091 causa
775 1055 864 1092 nouas
878 1039 1008 1092 lacrimas
1021 1039 1124 1108 gignet.
1219 1042 1288 1092 245.
1308 1055 1375 1104 suo,
1389 1054 1458 1090 nam

302 1107 390 1176 ipsius
405 1108 522 1161 Clothus
535 1124 592 1161 non
606 1118 665 1162 erat
681 1107 770 1162 Ibidis
783 1109 841 1162 lata
854 1108 1009 1176 uaticinari,
1023 1110 1074 1163 sed
1089 1108 1192 1164 Ouidii.
1309 1111 1382 1161 246.
1402 1112 1458 1172 qui

302 1183 403 1242 annet,
418 1182 486 1233 erit.
525 1179 662 1232 Futurum
681 1179 774 1247 posuit
793 1189 822 1233 ut
840 1180 942 1234 certius
960 1179 1097 1234 indicaret
1116 1197 1175 1234 rem
1192 1189 1358 1233 euenturam
1373 1196 1456 1232 esse:

301 1258 396 1318 potest
413 1249 489 1303 enim
507 1265 571 1303 esse
588 1259 669 1303 uates
686 1249 733 1319 qui
751 1260 843 1318 canat,
856 1267 909 1304 nec
926 1260 1021 1304 tamen
1038 1250 1101 1304 cani
1120 1251 1150 1304 id
1167 1251 1244 1319 quod
1262 1251 1386 1303 futurum
1404 1259 1456 1303 est.

303 1320 387 1389 Quod
415 1319 511 1374 statim
539 1319 682 1388 subiungit
710 1323 769 1375 Ille
793 1337 850 1386 ego
879 1338 950 1375 sum
977 1328 1077 1384 uates,
1102 1339 1141 1376 ex
1167 1338 1218 1374 me
1242 1326 1299 1374 tuo
1322 1323 1459 1373 uulnere.

301 1393 410 1446 disces.
565 1393 635 1445 241.
657 1395 791 1445 uulnera
809 1391 1001 1461 metaphorice
1022 1409 1074 1461 pro
1093 1392 1246 1459 doloribus,
1264 1401 1295 1445 ut
1314 1390 1398 1444 Trist.
1420 1391 1456 1444 iv.

304 1477 328 1515 1.
340 1475 382 1530 97.
421 1461 469 1515 Sic
486 1461 521 1515 de
540 1478 571 1515 se
588 1461 651 1530 ipso
667 1472 752 1530 poeta
769 1463 837 1516 Non
853 1463 981 1516 haletin
998 1463 1076 1516 nohis
1091 1464 1150 1516 iam
1167 1479 1243 1516 noua
1256 1461 1348 1531 plaga
1364 1462 1459 1515 locum

302 1533 383 1586 Pont.
408 1532 443 1586 iv.
466 1533 505 1586 16.
526 1544 565 1600 52.
611 1531 704 1586 ‘That
728 1533 867 1602 Prophete
893 1550 957 1587 sure
979 1551 1025 1588 am
1050 1535 1071 1601 I,
1095 1533 1127 1586 of
1147 1551 1193 1586 me
1215 1533 1283 1586 thou
1309 1533 1383 1586 shalt
1406 1533 1458 1600 thy

302 1603 464 1658 mischiefes
482 1603 582 1656 know:
609 1604 647 1656 So
666 1604 727 1656 that
746 1604 794 1657 the
814 1604 894 1657 Gods
913 1621 992 1658 some
1011 1604 1044 1658 of
1058 1603 1131 1658 their
1150 1604 1222 1671 skyll
1240 1602 1334 1656 would
1351 1619 1389 1654 on
1408 1619 1459 1670 my

302 1674 546 1728 wordesbestow'
583 1675 617 1726 T.
630 1674 820 1727 Vnderdown.
935 1677 1007 1729 248.
1024 1678 1101 1729 dent
1115 1679 1200 1728 uires
1217 1678 1249 1727 in
1266 1690 1337 1727 meo.
1348 1677 1458 1726 uerbo..

302 1744 350 1798 Sic
368 1745 477 1798 dederis
494 1745 525 1796 in
543 1745 671 1798 carmina
690 1747 766 1798 utres
785 1746 816 1800 F.
830 1744 847 1798 i.
865 1759 904 1813 17,
923 1751 964 1798 est
980 1751 1008 1798 et
1024 1762 1112 1812 amor,
1125 1745 1204 1799 dabit
1220 1745 1267 1798 hic
1282 1746 1314 1797 in
1334 1744 1458 1796 uulnera

301 1817 378 1868 uires
392 1817 433 1868 Μ.
447 1814 481 1868 iv.
499 1827 555 1882 150.
639 1817 710 1868 249.
728 1819 878 1870 accedent
890 1817 995 1885 pendet
1008 1833 1042 1870 ex
1055 1816 1154 1880 modo;
1172 1831 1345 1885 quamquam
1357 1814 1458 1867 fortius

301 1903 371 1939 sane
396 1895 471 1938 esset
493 1885 569 1954 quod
593 1884 682 1939 edidit
708 1887 862 1940 Merkelius
884 1888 1017 1954 accedent,
1039 1887 1093 1940 nisi
1118 1896 1217 1940 contra
1241 1894 1348 1939 starent
1370 1886 1457 1938 MSS.

303 1957 382 2009 Fam.
393 1955 428 2008 xi.
440 1970 481 2022 29.
495 1969 504 2006 1
521 1972 656 2025 maguum
665 1957 779 2026 pondus
791 1961 908 2012 accessit.
979 1961 1120 2022 pondera
1131 1973 1239 2011 rerum
1251 1956 1324 2009 ‘real
1337 1955 1459 2024 weight‚'

303 2025 423 2094 ‘weight
442 2026 475 2078 ol
488 2025 604 2094 reality.'
639 2028 702 2080 Am.
717 2026 743 2080 ii.
761 2043 847 2093 1442
863 2029 903 2081 Et
917 2031 977 2082 sint
989 2029 1128 2082 ominibus
1140 2029 1268 2097 pondera
1284 2027 1367 2080 nulla
1379 2029 1456 2079 meis.

301 2098 374 2150 250.
393 2099 481 2157 Quae
494 2095 627 2150 carmina.
665 2102 827 2162 experiare
840 2098 967 2153 finaliter.
1034 2102 1104 2152 253.
1122 2102 1294 2152 Poeantius
1307 2100 1460 2151 Herculis

301 2171 393 2222 heres
407 2168 483 2235 Hyg.
497 2167 531 2234 36
543 2168 662 2221 Dicitur
672 2169 838 2223 Philoctetes
849 2171 983 2223 Poeantis
987 2171 1074 2238 filius
1088 2174 1190 2239 pyram
1207 2171 1238 2222 iu
1251 2173 1343 2221 monte
1357 2167 1460 2220 Oetaeo

301 2240 489 2292 construxisse
504 2238 628 2291 Herculi
641 2255 757 2308 eumque
774 2241 926 2294 accendisse
942 2242 1150 2294 mortalitatem.
1191 2240 1231 2292 Ob
1248 2240 1282 2292 id
1297 2238 1458 2308 beneficium

302 2309 455 2362 Philocteti
471 2309 609 2362 Hercules
629 2326 724 2363 arcus
746 2316 773 2364 et
791 2311 934 2379 sagittas
955 2311 1099 2365 donauit.
1209 2313 1280 2363 255.
1297 2313 1354 2373 qui
1373 2313 1459 2363 bibit

302 2383 401 2434 ubera
419 2395 531 2433 0811126
546 2380 697 2448 Telephus,
734 2381 793 2434 Ael.
808 2382 841 2435 V.
858 2383 895 2436 H.
909 2381 953 2435 xii.
967 2378 1001 2448 42
1020 2382 1134 2450 ἔθρεψε.
1147 2380 1302 2450 ..Τήλεφον
1313 2385 1359 2433 τὸν
1371 2382 1459 2450 Αὔγης

302 2453 344 2504 καὶ
357 2447 516 2519 Ἡρακλέους
528 2450 634 2519 ἔλαφος.
674 2451 755 2504 Idem
770 2453 807 2505 H.
821 2454 855 2504 A.
870 2452 917 2505 vii.
931 2467 966 2539 39
978 2452 1058 2506 Ὅσοι
1075 2452 1184 2521 λέγουσι
1204 2451 1284 2518 θῆλυν
1300 2451 1402 2516 ἔλαφον
1415 2450 1457 2502 κέ-

301 2544 368 2590 ρατα
383 2521 413 2574 οὗ
426 2519 509 2590 φύειν,
522 2521 567 2572 οὐκ
584 2519 712 2573 αἰδοῦνται
729 2522 788 2576 τοὺς
804 2527 850 2575 τοῦ
867 2523 982 2576 ε’νοντιου
994 2523 1131 2592 μάρτυρας,
1145 2521 1282 2590 Σοφοκλέα
1294 2521 1340 2590 μὲν
1352 2520 1459 2573 εἰπόντα

303 2595 405 2661 Νόμας
423 2591 456 2644 τέ
473 2613 518 2645 τις
535 2589 676 2661 κεροῦσσ“
693 2589 738 2644 ἀπ’
752 2591 862 2662 ὀρθίων
878 2595 981 2662 πάγων
997 2593 1166 2662 Καθεῖρπεν
1184 2593 1300 2660 ἔλαφος
1319 2592 1360 2644 καὶ
1377 2592 1458 2644 πάλιν

295 2661 415 2733 *Apama
432 2660 556 2730 μύξαςιι
583 2681 598 2711 11
618 2663 665 2714 καὶ
687 2665 900 2731 κερασφόρους
921 2664 1117 2734 Στόρθυγγας
1138 2659 1217 2733 εἶρφ’
1236 2663 1351 2728 ἕκηλος,
1371 2679 1460 2731 quem

303 2737 397 2788 locum
415 2750 450 2787 ex
468 2731 585 2786 Aleadis
605 2731 648 2796 (ir.
663 2733 707 2800 87)
727 2733 847 2801 sumpsit
865 2734 1009 2789 Aelianus.
1050 2733 1189 2788 Videlicet
1208 2732 1396 2802 descripserat
1416 2732 1456 2785 ibi

304 2805 459 2874 Sophocles
473 2820 586 2858 ceruam
597 2803 724 2872 Telephi,
735 2813 764 2857 ut
777 2814 916 2859 monstrat
930 2806 960 2858 L.
971 2805 1119 2874 Campbell
1133 2805 1170 2858 ad
1182 2805 1233 2858 loc.
1310 2807 1383 2856 256.
1397 2806 1458 2855 Ar·

302 2879 382 2930 mati
393 2873 521 2928 Achillis.
589 2877 720 2928 inermis
733 2891 800 2928 nam
813 2875 941 2930 eiusdem
953 2875 1071 2930 Achillis
1085 2877 1185 2929 hastae
1199 2875 1326 2943 robigine
1339 2884 1458 2928 sanatus

302 2957 354 3014 est,
367 2945 546 3012 memerato,
560 2945 665 2998 Iniecta
678 2944 807 2998 membris
819 2947 941 3015 puluere
952 2948 1037 3000 Anth.
1054 2949 1083 3000 L.
1101 2947 1158 3014 184,
1174 2945 1268 2999 Riese.
1282 2945 1352 2998 Plin.
1366 2943 1459 2998 xxxiv.

304 3030 362 3086 152,
384 3015 530 3070 Claudian.
551 3015 640 3085 Epist.
657 3028 678 3083 5.
692 3016 728 3081 46
745 3016 788 3068 ed.
809 3018 876 3085 Ieep
896 3018 993 3070 Sanus
1008 3017 1148 3071 Achilleis
1165 3019 1302 3070 remeauit
1322 3015 1460 3084 Telephus

301 3087 400 3154 herbis,
411 3087 500 3140 Cuius
504 3086 665 3154 pertulerat
673 3088 755 3154 uires,
765 3093 791 3139 et
796 3089 884 3151 sensit
891 3090 922 3140 in
931 3105 987 3140 uuo
994 3089 1118 3141 Letalem
1124 3088 1324 3157 placidamque
1331 3103 1457 3138 manum.

302 3160 387 3226 Prop.
406 3156 431 3209 ii.
454 3171 474 3209 1.
494 3156 537 3223 63,
556 3171 573 3221 4
591 3157 694 3226 Mysus
710 3163 738 3211 et
755 3158 1040 3212 Haemoniiiuuenis
1056 3175 1114 3227 qua
1131 3159 1245 3228 cuspide
1262 3159 1370 3211 uulnus
1387 3157 1458 3209 Seu·

301 3233 385 3295 serat,
398 3227 452 3280 hac
461 3229 525 3296 ipsa
537 3228 650 3295 cuspide
662 3229 748 3280 sensit
759 3232 845 3298 opem.
865 3229 870 3275 i
882 3230 968 3284 Anth.
984 3230 1041 3283 Pal.
1050 3231 1083 3282 V.
1096 3244 1154 3297 291.
1169 3241 1182 3297 5
1195 3229 1315 3296 Τήλεφον
1328 3230 1342 3280 ὁ
1355 3229 1460 3291 τρώσας

301 3300 343 3352 καὶ
356 3297 496 3350 ieiunare.
559 3299 626 3353 257.
647 3301 771 3362 Quique
784 3303 824 3353 ab
837 3301 916 3364 equo
928 3299 1125 3368 Bellerophon.
1163 3303 1198 3353 in
1211 3298 1343 3353 Aleiein
1358 3297 1459 3351 Cilicia

304 3372 336 3424 Il.
347 3368 383 3422 vi.
397 3383 456 3435 201,
472 3369 546 3435 Hyg.
563 3379 594 3434 57
607 3369 694 3422 Hanc
708 3369 1010 3440 (Chimaeramhsuper
1020 3371 1161 3440 Pegasum
1173 3371 1268 3424 sedens
1280 3369 1421 3438 interfecit
1432 3374 1460 3420 et

301 3441 434 3495 decidisse
441 3439 549 3492 dicitur
556 3440 587 3491 in
597 3440 813 3508 camposAleios
822 3440 991 3508 (Heinsius).
1034 3444 1103 3495 258.
1117 3444 1225 3495 Exitio
1237 3443 1333 3495 facies
1342 3448 1459 3508 propter

303 3527 430 3566 amorem
444 3509 650 3576 Sthenoboeae,
667 3511 760 3564 Proeti
776 3511 877 3565 uxoris.
898 3555 901 3560 ,
950 3515 1018 3565 253.
1039 3515 1078 3564 Id
1095 3515 1205 3566 uideas
1223 3512 1355 3566 tenebras
1374 3511 1408 3563 Ο.
1424 3510 1458 3564 Τ.

301 3597 355 3650 419
376 3579 508 3636 Βλέποίιτα
530 3583 574 3632 νῦν
591 3581 638 3648 μὲν
657 3579 715 3650 ὄρθ’
733 3582 819 3635 ἔπειτα
841 3582 869 3634 δὲ
889 3584 994 3636 σκότον.
1076 3585 1302 3648 Amyntorides
1321 3579 1463 3634 Phoenix.

301 3651 433 3721 Apollod.
453 3649 489 3704 iii.
510 3665 550 3718 13.
567 3651 582 3703 8
602 3649 683 3705 Οὗτος
701 3651 750 3704 ὑπὸ
768 3657 815 3705 τοῦ
832 3655 929 3718 πατρὸς
948 3653 1086 3722 ἐτυφλώθη
1105 3652 1336 3721 καταψευσαμένης
1353 3651 1459 3718 φθορὰν

302 3724 381 3777 Φθίας
393 3725 437 3789 της
449 3725 495 3776 τοῦ
507 3722 603 3788 πατρὸς
614 3722 782 3776 παλλακίδος.
851 3726 997 3778 ministro
1006 3723 1018 3752 ·‘
1026 3724 1064 3791 by
1077 3724 1125 3777 the
1138 3725 1204 3793 help
1217 3724 1263 3777 of!
1301 3725 1340 3776 M.
1355 3720 1390 3775 ix.
1405 3736 1458 3788 234

301 3813 357 3865 quo
365 3794 491 3862 flamma
509 3793 641 3844 ministro
659 3792 787 3847 Subdita.
907 3798 978 3848 260.
996 3798 1212 3859 Praetemptes
1231 3797 1238 3822 ⁶
1248 3794 1352 3862 grope.'
1390 3793 1456 3845 Seu.

302 3865 374 3920 Oed.
388 3864 441 3932 656
459 3863 568 3916 Baculo
580 3863 665 3916 sem‘li
674 3865 755 3916 triste
762 3867 976 3934 praetemptans
988 3867 1048 3918 iter.
1127 3869 1193 3920 261.
1213 3882 1306 3929 quem
1320 3862 1457 3931 Oedipus.

301 3939 369 3990 filia
387 3933 536 4002 Antigone.
688 3936 756 3987 263.
780 3938 818 3988 de
835 3938 891 3989 lite
909 3940 1015 3990 iocose
1035 3938 1073 3990 M.
1092 3934 1128 3990 iii.
1147 3951 1207 4003 332,
1229 3937 1302 4004 Hyg.
1321 3947 1353 4002 75
1376 3934 1461 3986 Inter

299 4009 397 4061 Iouem
416 4011 443 4057 et
459 4005 597 4057 Iunonem
609 4003 677 4073 fuit
697 4003 809 4058 iocosa
830 4007 1014 4073 altercatio,
1034 4008 1098 4076 quis
1120 4009 1213 4076 magis
1232 4007 1266 4060 de
1286 4022 1317 4058 re
1338 4021 1458 4057 uenerea

302 4079 476 4146 uoluptatem
489 4079 605 4144 caperet,
619 4075 761 4128 masculus
772 4092 810 4129 an
820 4077 951 4147 foemina
960 4097 970 4130 .·
994 4078 1027 4131 de
1041 4095 1099 4146 qua
1113 4094 1144 4130 re
1160 4078 1299 4131 Tiresiam
1314 4075 1459 4128 iudicem

302 4154 515 4216 sumpserunt
537 4147 590 4214 qui
612 4151 764 4214 utrumque
785 4153 848 4200 erat
868 4151 1004 4216 expertus.
1051 4148 1082 4200 Is
1103 4165 1166 4202 cum
1187 4148 1338 4201 secundum
1359 4146 1458 4198 Ionem

300 4220 459 4283 iudicasset,
471 4216 545 4268 Iuno
557 4217 636 4268 irata
648 4233 736 4269 manu
748 4234 850 4270 auersa
862 4235 925 4271 eum
937 4220 1103 4273 excaecauit.
1198 4220 1270 4283 2641
1288 4219 1459 4281 Apollinea

301 4286 482 4344 uaticinandi.
524 4289 559 4339 in
572 4285 640 4340 dum
653 4297 763 4341 exercet
776 4298 866 4341 artem
881 4289 949 4342 Plin.
959 4289 1047 4343 xxxvi.
1060 4305 1088 4343 11
1099 4289 1233 4358 Bupalus
1244 4287 1402 4342 etAthenis
1411 4287 1461 4340 uel

300 4359 455 4414 clarissimi
465 4358 496 4410 in
509 4374 541 4430 ea
552 4358 766 4426 scientiafuere.
795 4358 842 4412 Sic
844 4359 969 4428 florebat
980 4362 1011 4412 iu
1024 4362 1115 4412 armis
1129 4359 1183 4414 Cir.
1196 4375 1251 4414 110.
1314 4361 1382 4411 265.
1403 4359 1459 4410 ille

301 4428 433 4484 Phineus
479 4428 539 4480 Hic
555 4428 671 4481 deorum
689 4429 807 4482 consilia
825 4447 888 4482 cum
908 4433 1074 4484 enunciaret
1094 4431 1128 4484 ab
1146 4432 1214 4484 Ioue
1234 4435 1277 4484 est
1297 4433 1459 4482 excaecatus

302 4494 483 4567 Hyg.19.“0s
496 4499 554 4565 περὶ
568 4497 598 4563 δὴ
611 4498 712 4550 πάντων
724 4498 857 4553 ὀλοώτατα
871 4499 965 4568 πήματ’
978 4501 1070 4570 ἀνέτλη
1085 4499 1175 4555 Εἵνεκα
1191 4499 1360 4570 μαντοσύνης,
1373 4499 1420 4564 τὴν
1434 4498 1459 4550 οἱ

300 4572 383 4638 πάρος
394 4567 547 4637 ἐγγυάλιξεν
560 4565 693 4634 Λητοΐδης·
715 4567 768 4621 οὐδ’
781 4569 866 4624 ὅσσον
879 4570 981 4638 ὀπίζετο
999 4572 1039 4626 καὶ
1053 4572 1113 4626 Διὸς
1130 4573 1208 4626 αὐτοῦ
1224 4572 1321 4641 Χρείαν
1333 4568 1459 4639 ἀτρεκέως
