3312 5200
685 479 731 539 IN
759 479 857 543 lBIN.
1308 489 1346 543 47

234 657 304 697 212.
325 637 418 697 fuere
439 638 535 698 loco:
561 646 593 696 ut
613 649 710 698 essent
731 639 860 714 benigni.
903 640 939 698 In
960 639 1018 702 hoc
1038 649 1109 701 nota
1129 641 1210 718 quod
1230 639 1298 700 luna
1318 650 1361 700 et·

184 718 234 778 sol
251 720 413 778 mediocres
428 729 502 778 sunt
546 718 625 778 Nam
640 739 693 796 per
707 721 923 780 adiunctionem
938 723 1011 781 fiunt
1025 724 1095 782 boni
1110 733 1138 782 et
1153 723 1228 782 mali.
1273 722 1307 783 C.

234 821 304 874 214.
326 801 416 860 Maia
437 801 521 860 Ioui.
564 799 726 861 Mercurius
747 802 822 861 filius
843 803 925 862 Iouis
946 813 975 864 et
996 802 1094 864 Maiae
1115 805 1190 864 filiae
1211 803 1346 876 Atlantis,

184 884 276 942 cuius
291 883 372 942 stella
386 901 454 942 cum
468 883 555 942 bonis
569 884 649 943 bona
663 893 715 955 est,
730 901 798 942 cum
812 884 895 943 malis
910 885 994 944 mala.
1039 885 1072 945 C.

236 967 305 1024 216.
315 975 539 1105 presserunt:
569 964 607 1024 ad
629 964 825 1024 infelicitatem
849 965 1062 1026 inclinauerunt
1083 977 1116 1027 ut
1138 978 1207 1046 pote
1232 967 1346 1045 ponde·

184 1065 270 1106 rosa,
342 1091 348 1105 .

233 1128 446 1204 falciferique
468 1128 568 1188 senis.
609 1127 658 1187 Ad
678 1126 783 1186 falcem
802 1127 918 1205 respicit
936 1126 1065 1190 Saturni.
1109 1129 1250 1190 Saturnus
1267 1131 1347 1189 enim

184 1228 284 1268 senex
306 1227 357 1285 per
379 1211 483 1268 Iouem
504 1228 521 1268 a
542 1227 635 1286 regno
655 1210 803 1286 expulsus
825 1211 856 1268 in
879 1210 993 1270 Italiam
1016 1211 1132 1288 fugiens
1157 1230 1175 1270 a
1197 1211 1270 1271 Iano
1296 1211 1346 1288 qui

185 1293 252 1351 iam
271 1292 312 1349 ibi
331 1293 472 1366 regnabat
490 1301 625 1367 receptus
645 1300 697 1361 est,
712 1292 781 1367 quia
799 1309 867 1350 eum
886 1291 985 1351 docuit
1003 1311 1089 1352 usum
1107 1293 1187 1352 salcis
1204 1303 1233 1351 et
1246 1293 1347 1352 uinea-

185 1391 277 1444 rum:
299 1373 346 1431 uel
360 1373 429 1450 quia
443 1383 558 1448 tempus
576 1372 717 1449 designat,
732 1374 813 1449 quod
832 1382 876 1433 est
893 1391 1046 1432 recuruum
1066 1375 1104 1433 ad
1123 1374 1245 1434 modum
1265 1374 1347 1434 salcis

185 1463 380 1513 recuruatae·
410 1455 518 1513 Aliter:
547 1455 616 1531 quia
637 1454 691 1512 iste
709 1454 827 1530 planeta
846 1473 907 1513 non
926 1455 1023 1514 minus
1042 1466 1131 1516 nocet
1151 1457 1182 1514 in
1203 1466 1347 1532 retrogra-

187 1536 311 1595 datione
326 1554 413 1611 quam
429 1537 458 1593 in
473 1536 686 1612 progressione,
701 1535 952 1612 quemadmodum
966 1546 995 1594 et
1010 1536 1076 1595 salx.
1121 1537 1154 1597 C.

173 1673 178 1695 ‚
235 1636 303 1676 222.
327 1617 548 1694 Cinyphiam:
578 1617 595 1675 i.
611 1627 716 1675 terram
738 1617 778 1676 ita
798 1627 913 1694 turpem
934 1618 1008 1676 sicut
1028 1629 1072 1678 est
1093 1617 1246 1695 Cinyphia.
1288 1617 1346 1678 Vel

188 1699 261 1776 quia
278 1709 363 1758 natus
378 1709 422 1757 est
435 1700 466 1758 in
479 1699 544 1776 ipsa
557 1698 703 1776 Cinyphia
719 1700 770 1758 ubi
789 1699 939 1758 abundant
952 1699 1023 1759 hirci
1032 1719 1041 1773 3
1062 1717 1151 1778 quare
1170 1700 1262 1777 turpis
1281 1717 1346 1760 esse

190 1781 306 1841 dicitur.
348 1779 387 1839 P.

236 1881 304 1937 234.
325 1862 354 1919 A
373 1860 457 1921 male
476 1860 619 1922 deserto
660 1861 791 1922 Alicuius
808 1862 944 1941 pauperis
958 1861 1008 1940 qui
1023 1862 1163 1922 deseritur
1177 1864 1215 1921 ab
1228 1862 1346 1922 homin-

190 1945 266 2003 ibus.
308 1942 352 2002 H.

236 2042 304 2100 253.
327 2023 528 2103 Quantaque
550 2024 722 2102 clauigeri.
765 2021 846 2084 Nota
867 2033 911 2084 est
931 2023 1029 2085 fabula
1049 2024 1087 2085 de
1103 2024 1264 2086 Philoctete
1285 2026 1345 2086 filio

190 2107 339 2167 Poeantis
386 2105 423 2166 G.

235 2203 304 2262 255.
320 2187 389 2245 Nec
404 2187 652 2247 leuiusdoleas.
671 2186 750 2246 *Da·
833 2185 964 2248 *Dareus
991 2188 1039 2246 uel
1066 2187 1173 2246 Darius
1201 2188 1303 2264 pulsus
1328 2207 1346 2250 a

190 2289 260 2330 reus
288 2269 363 2327 filius
388 2267 496 2328 Milesii
520 2269 633 2328 Daretis
662 2270 749 2328 nouis
791 2270 884 2346 patria
904 2269 935 2328 in
955 2269 1042 2328 exilio
1063 2288 1081 2328 a
1102 2288 1187 2329 cerua
1206 2271 1347 2347 quamdiu

190 2351 346 2411 tormentis
363 2359 392 2409 et
411 2351 561 2426 exquisitis
581 2351 660 2411 ciues
680 2369 749 2409 suos
791 2351 863 2409 uixit
887 2361 988 2427 pastus
1010 2359 1062 2409 est.
1112 2350 1223 2410 Aliter:
1251 2349 1346 2410 Dares

190 2434 297 2502 affecit,
323 2433 424 2508 eisque
450 2432 496 2490 lac
519 2451 622 2492 ceruae
650 2433 749 2509 propi·
790 2431 906 2492 Daretis
937 2431 1043 2490 Milesii
1077 2432 1151 2490 filius
1186 2432 1346 2491 crudelium

191 2533 266 2574 nans
286 2514 364 2572 idem
383 2531 487 2588 passus
507 2524 552 2574 est
568 2515 606 2572 ab
620 2514 663 2573 eis
676 2524 749 2573 teste
790 2523 1000 2573 tormentorum
1013 2514 1171 2589 exquisitor
1181 2514 1261 2572 ciues
1276 2532 1345 2572 suos

190 2594 335 2673 Eupoli*·
371 2593 409 2654 G.
790 2597 888 2672 coegit
910 2595 1008 2654 bibere
1031 2595 1180 2654 ceruinum
1205 2595 1249 2653 lae
1274 2596 1344 2654 uino

234 2677 368 2736 *Daretis
382 2675 516 2739 †Talaris
529 2694 581 2735 rex
595 2675 671 2735 filius
690 2676 750 2734 Mi·
790 2678 914 2735 mixtum
936 2685 965 2734 et
986 2677 1027 2736 sic
1049 2694 1102 2736 eos
1123 2675 1237 2735 affecit:
1264 2676 1350 2752 quod·

191 2761 252 2819 lerii
262 2769 474 2818 tormentorum
483 2758 631 2833 inquirens
641 2777 750 2834 genera
790 2759 854 2832 ipse
869 2759 988 2816 tandem
1008 2776 1026 2816 a
1045 2757 1104 2818 suis
1118 2757 1230 2816 ciuibus
1245 2757 1345 2816 bibere

192 2843 298 2919 quibus
318 2840 454 2899 homines
474 2857 544 2898 suos
565 2841 657 2915 possit
677 2839 749 2898 affli-
790 2850 910 2901 coactus
925 2850 1056 2900 mortuus
1070 2838 1139 2899 est*
1181 2838 1279 2898 Mure.

191 2942 260 3000 gere
271 2922 316 2981 lac
327 2922 479 2980 ceruinum
490 2921 572 2997 quod
586 2921 693 2979 nimiae
704 2931 749 2980 est

191 3003 390 3062 amaritudinis
412 3003 537 3079 cogebat
561 3020 613 3062 eos
637 3012 748 3077 potare,

192 3086 328 3162 idemque
343 3084 462 3142 tandem
474 3102 492 3141 a
502 3083 615 3142 ciuibus
630 3085 688 3142 suis
700 3084 749 3144 de-

191 3185 313 3243 prensus
330 3176 451 3224 coactus
468 3174 512 3224 est
529 3166 591 3240 pati
606 3164 752 3240 *Eupalio-

190 3255 318 3307 testante:
334 3247 397 3305 Lac
409 3248 676 3320 ceruaerpremendo
685 3265 748 3305 suar

185 3329 339 3406 pathrebot
354 3330 473 3392 hosdem
491 3327 681 3404 Exemploque
698 3348 748 3388 suo

185 3420 304 3489 potuque
313 3418 468 3488 peremptus
481 3411 567 3468 codam
580 3409 644 3468 est*
690 3410 723 3470 C.
1341 3471 1345 3478 ,

234 3507 302 3568 257.
325 3492 458 3568 Quique
480 3491 520 3550 ab
541 3509 628 3568 equo
650 3510 746 3568 prae·
828 3490 1027 3571 Bellerophon
1044 3491 1134 3552 Praeti
1151 3491 1347 3552 fratrisAcri-

227 3657 288 3694 212.
307 3639 347 3693 sol
359 3640 388 3693 in
400 3639 454 3692 hoc
467 3638 620 3692 mediocres
633 3639 662 3692 C.

228 3715 289 3765 216.
310 3710 419 3763 Saturni
433 3709 519 3763 om.G
586 3710 638 3762 ista
651 3711 679 3763 G.

227 3800 288 3836 222.
308 3781 478 3850 Cynipheam
491 3783 516 3832 P
585 3780 728 3848 cynifeaP
799 3780 977 3850 CynipheaP
1046 3779 1207 3833 habundant
1219 3777 1298 3847 hyrci
1310 3781 1345 3833 P'.

200 3865 202 3870 ·
228 3870 289 3918 253.
307 3855 351 3905 Ab
363 3854 407 3904 hoc
419 3852 475 3904 inde
487 3871 561 3906 uersu
573 3862 663 3906 extant
674 3852 770 3904 scholia
784 3854 811 3905 in
825 3853 849 3906 G
919 3851 1025 3904 filotete
1039 3851 1063 3904 G
1134 3849 1240 3917 peantis
1253 3850 1289 3903 G..

227 3940 289 3989 255.
308 3924 425 3976 Historia
428 3921 537 3990 ficticia,
551 3941 637 3976 uersus
649 3921 817 3992 supposititii*
895 3921 1032 3975 dereusG
1114 3919 1306 3973 melesltaretis
1319 3920 1344 3972 G

191 3993 329 4049 milexiiC
409 3994 509 4046 correxi
525 4013 557 4048 ex
571 3995 716 4048 Askeuiano
733 4011 805 4061 quem
822 3992 936 4046 exhibuit
946 3991 1086 4046 Merkelius
1103 3994 1132 4044 in
1148 3992 1185 4044 ed.
1197 3993 1260 4044 anni
1275 3997 1305 4042 18
1310 4006 1342 4054 ῃ

191 4065 310 4118 Daretes
322 4063 437 4132 phalaris
449 4065 514 4115 Ask.
580 4079 682 4130 genera
694 4063 833 4131 inquirens
846 4065 911 4117 Ask.
981 4068 1074 4131 posset
1089 4063 1152 4115 Ask.
1224 4060 1343 4128 ideoque

190 4136 303 4189 tandem
316 4137 382 4188 Ask.
450 4134 635 4201 deprehensus
647 4140 759 4187 coactus
772 4140 813 4187 est
825 4133 898 4187 idem
909 4133 966 4204 pati
980 4134 1044 4187 Ask.
1116 4130 1263 4200 pressando
1278 4132 1347 4186 Ask..

189 4205 314 4274 potando
326 4221 390 4258 suos
404 4205 512 4260 Dareus
523 4205 677 4272 perimebat
689 4206 742 4258 cod.
756 4205 891 4274 Saluagnii
973 4205 1139 4273 parentusc
1183 4208 1343 4272 peremptus

190 4278 257 4331 Ask.
329 4277 362 4329 E.
374 4292 396 4329 s.
409 4281 477 4343 potu
490 4282 668 4343 consumptus
680 4276 781 4328 eodem
792 4282 835 4328 est
848 4275 900 4328 cod.
913 4276 1059 4345 Saluagnii.

226 4363 287 4414 257.
305 4346 497 4401 bellorofonG
566 4346 737 4400 stenobeaG
808 4345 939 4399 ciciditG
1010 4345 1207 4412 properciusG
1276 4358 1342 4412 pro·

187 4419 310 4488 piciusC
370 4416 572 4471 bellerofonnb
585 4418 660 4471 stiG
726 4423 881 4470 monstrum
894 4419 916 4487 φ
931 4415 1107 4487 (Phillippicus
1122 4412 1202 4484 33⁶0)
1269 4414 1343 4468 bello

227 4543 241 4576 *
258 4539 403 4588 Asteriscum
417 4539 486 4601 posui
502 4539 541 4589 ubi
551 4539 646 4601 salsum
654 4539 756 4588 scholion
767 4538 804 4588 uel
814 4547 927 4606 suspectae
934 4539 997 4602 fidei
1013 4544 1078 4588 crat:
1096 4553 1176 4587 uersus
1187 4535 1342 4600 suppositicior

187 4606 306 4654 inclinatis
317 4605 400 4654 littaris
411 4605 514 4668 signori.
