3312 5200
600 459 948 522 COMMENTARIVS.
1293 461 1350 524 139

196 617 304 674 sten'lis
316 634 371 687 ero,
381 617 526 672 eunuchus
539 628 568 674 et
580 618 714 687 ἦμίθηλνς.
740 621 802 674 Val.
813 623 890 676 Max.
898 621 944 676 vii.
954 633 979 688 7.
990 621 1008 675 6
1020 623 1056 676 de
1070 621 1161 676 Gallo.
1194 621 1350 676 Genucium

196 692 356 760 amputatis
364 691 511 760 suiipsius
519 693 617 760 sponte
623 692 798 762 genitalibus
807 695 932 763 carparis
939 693 1073 763 partibus
1084 709 1123 746 ne
1152 709 1191 746 ue
1204 691 1349 746 uirorum

196 778 306 832 neque
328 760 502 814 mulierum
523 778 640 828 numera
659 762 759 816 baberi
772 763 866 817 debere
885 762 1054 832 [Saluagn.]‚
1073 709 1233 816 ubiiocum
1253 762 1348 817 Ouidii

196 833 318 886 fortasse
330 831 494 885 recordatus
507 841 557 886 est.
596 833 688 886 Gloss.
701 834 781 887 Bodl.
795 835 876 889 Auct.
891 836 923 888 T.
935 833 962 888 ii.
976 849 1010 900 24
1022 834 1228 904 Androgyneca
1239 833 1349 887 bernna-

187 904 321 974 sraditus
333 903 384 956 boc
394 907 435 955 est
446 919 506 956 nec
519 903 570 956 uir
582 920 642 957 nec
655 903 780 958 mulier.
812 904 899 958 ‘That
912 905 981 958 thou
994 906 1026 958 of
1035 922 1101 958 man
1113 904 1155 972 (as
1166 903 1228 958 Atis
1242 903 1301 972 did)
1313 921 1348 959 ne

196 991 265 1027 man
278 990 331 1026 nor
343 973 429 1041 mayd
441 983 534 1041 rnayst
548 975 647 1028 stand:
660 974 726 1028 And
739 976 799 1029 that
812 976 881 1030 thou
894 986 1003 1044 mayest
1015 977 1093 1029 learn
1107 985 1136 1028 to
1149 976 1215 1044 play
1224 991 1261 1029 on
1272 974 1349 1028 Tim-

195 1043 300 1098 brelles
313 1043 380 1098 with
392 1044 443 1112 thy
455 1045 549 1098 hand'
585 1046 619 1100 T.
629 1046 817 1100 Vnderdown.
922 1050 992 1102 457.
1010 1062 1106 1111 peeus
1118 1047 1215 1100 leones
1228 1045 1349 1100 famulos

197 1117 325 1184 Magnae
338 1113 443 1169 matris.
483 1115 560 1169 Hinc
571 1118 748 1184 ταυροκτόνων
758 1118 870 1169 λεόντων
882 1117 992 1188 ἔφεδρος
1004 1117 1106 1171 dicitur
1118 1118 1162 1171 Ge
1176 1117 1263 1186 Soph.
1277 1116 1349 1171 Phil.

196 1200 257 1252 400.
296 1185 370 1239 Vide
388 1202 434 1238 me
453 1185 489 1239 ad
505 1187 565 1240 Cat.
579 1183 644 1241 lxiii.
659 1186 699 1252 76.
772 1191 920 1252 parentis.
952 1189 1022 1242 Aen.
1035 1207 1059 1241 x.
1075 1200 1125 1256 ²5²
1139 1187 1229 1241 Alma
1242 1191 1350 1257 parens

195 1257 284 1311 Idaea
296 1258 386 1324 deum,
399 1259 448 1309 cui
457 1258 603 1323 Dindyma
615 1259 699 1313 cardi.
773 1261 844 1312 458.
863 1262 974 1313 Viator
987 1258 1191 1328 Hippomenes.
1263 1262 1350 1312 idota

195 1329 340 1382 Atalanta
379 1328 453 1395 Hyg.
471 1329 518 1396 185
537 1329 625 1382 Hanc
642 1345 705 1382 cum
726 1330 758 1382 in
774 1331 905 1399 patrnam
925 1330 1036 1384 duceret
1057 1328 1287 1398 (Hippomenes),
1306 1329 1349 1382 ob-

195 1400 269 1452 litus
284 1399 410 1468 beneficio
427 1398 539 1452 Veneris
550 1416 578 1451 se
590 1401 689 1452 uicisse
696 1406 795 1470 grates
806 1401 833 1454 ei
844 1417 900 1453 non
912 1403 977 1471 egit.
1007 1401 1085 1453 irata
1103 1400 1203 1453 Venere
1214 1401 1246 1453 in
1259 1405 1351 1453 mente

195 1471 329 1522 Pamasc
340 1485 404 1523 cum
416 1471 587 1540 sacn'ficaret
597 1471 665 1524 Iaui
680 1472 789 1539 uectari,
802 1472 955 1541 cupiditate
971 1473 1099 1524 z'nccnsus
1112 1487 1175 1524 cum
1188 1488 1220 1523 ea
1232 1471 1263 1522 in
1273 1471 1349 1540 fana

195 1540 350 1594 concubuit.
370 1541 576 1611 quosluppiter
583 1540 614 1594 ab
621 1542 767 1611 cdfactum
775 1544 806 1596 in
815 1543 919 1596 leonem
929 1543 1035 1595 etleam
1044 1542 1190 1608 conuertit,
1200 1541 1352 1610 quibusdii

196 1611 372 1665 concubitum
385 1611 497 1664 Veneris
504 1612 649 1682 denegant.
669 1613 751 1665 Idem
761 1612 939 1680 sacrilegium
949 1612 1105 1666 Comaetho
1113 1621 1140 1665 et
1153 1610 1349 1680 Melanippum

197 1681 227 1735 in
244 1682 352 1750 templo
366 1680 478 1736 Dianae
491 1681 643 1736 Triclariae
660 1683 761 1736 fecisse
778 1683 863 1737 tradit
881 1683 1037 1737 Pausanias
1053 1681 1098 1736 vii.
1116 1696 1155 1750 19.
1174 1696 1197 1734 2.
1270 1685 1349 1746 pede

197 1753 364 1806 struendum
383 1769 448 1805 11111
465 1756 736 1818 mensuraeque
758 1755 786 1808 h.
800 1771 823 1808 e.
845 1753 891 1824 qui
914 1753 981 1807 uicit
1005 1753 1110 1822 pedum
1131 1750 1298 1822 pernicitate
1320 1761 1349 1807 et

197 1840 232 1876 ea
245 1839 332 1892 quam
345 1822 385 1875 sic
398 1822 473 1876 uicit.
536 1826 606 1877 450.
622 1824 732 1878 Eadem
745 1841 830 1894 supra
843 1837 903 1893 335,
913 1825 939 1879 6.
977 1826 1049 1879 Rem
1062 1833 1177 1877 narrant
1190 1822 1348 1878 Aeschines

197 1893 342 1947 Timarch.
357 1894 413 1962 182,
429 1893 596 1948 Heraclides
610 1895 744 1949 Ponticus
758 1898 848 1949 Πολιτ.
863 1896 895 1948 fr.
909 1910 933 1963 3,
948 1895 1033 1948 Diod.
1045 1894 1099 1949 viii.
1114 1909 1156 1963 24,
1169 1894 1296 1963 Apostol.
1312 1893 1346 1949 ix.

198 1977 223 2032 7,
236 1964 289 2017 xiv.
305 1979 344 2031 10,
362 1963 481 2033 Diogen.
496 1964 533 2018 iii.
551 1980 572 2034 1,
585 1967 684 2020 Arsen.
698 1965 769 2020 xxxi.
785 1978 825 2034 53,
843 1966 978 2020 Nicolaus
994 1968 1128 2019 Damasc.
1142 1965 1173 2018 fr.
1189 1977 1218 2033 51
1237 1965 1347 2032 Miiller,
1381 1994 1388 2006 .

198 2035 303 2089 Suidas
322 2052 381 2088 su.
393 2033 546 2102 Ἱππομένης
564 2045 592 2090 et
609 2037 749 2106 πάριππον.
787 2038 881 2092 Schol.
897 2035 1031 2091 Aeschin.
1048 2035 1190 2090 Timarch.
1207 2036 1255 2088 281
1276 2036 1348 2089 haec

198 2105 266 2160 dicit
278 2103 428 2172 Ἱππομένης
447 2105 497 2160 ἀπὸ
510 2107 613 2176 Κοδροῦ
630 2109 808 2175 καταγόμενος·
823 2106 837 2175 ἡ
851 2109 878 2161 δέ
894 2106 1007 2178 θυγάτηρ
1020 2108 1150 2175 Λειμωνές·
1169 2103 1235 2158 οὕτω
1248 2107 1348 2159 Κολλί-

197 2198 289 2246 μαχσς.
304 2187 310 2194 “
325 2179 459 2231 Limone
478 2176 519 2232 sic
541 2188 643 2232 uocata
664 2187 707 2232 est
729 2195 772 2248 ap.
795 2176 939 2233 Heraclid.
959 2179 1090 2232 Ρο11.11.
1112 2192 1145 2244 3:
1173 2175 1348 2231 Callimacho

199 2245 334 2301 Limonis.
405 2264 446 2301 ne
459 2252 594 2303 senserit
605 2265 670 2303 11111
682 2258 713 2303 tu
725 2259 789 2318 post
804 2267 869 2303 eam
886 2248 924 2303 sis
942 2248 1018 2303 idem
1035 2265 1176 2303 sensurus.
1249 2249 1347 2303 illem.

199 2320 233 2371 In
247 2317 428 2388 prouerbium
441 2319 549 2373 abierat
561 2317 726 2387 Ἱππομένους
738 2319 923 2390 ἀσεβέστερος.
1034 2322 1105 2374 460.
1125 2323 1234 2382 carpat
1252 2318 1347 2372 laniet.

196 2389 300 2443 Aesch.
315 2389 388 2443 Tim.
406 2390 453 2443 182
466 2388 543 2458 Ἀνὴρ
562 2387 598 2446 εἶς
615 2395 665 2443 τῶν
681 2391 794 2444 πολιτῶν
810 2390 891 2460 εὑρὼν
905 2389 951 2457 τὴν
969 2390 1059 2443 ἑαυτοῦ
1078 2389 1206 2458 θυγατέρα
1224 2388 1347 2457 διεφθαρ-

197 2460 275 2527 μένην
293 2460 333 2512 καὶ
350 2460 397 2526 τὴν
414 2457 513 2527 ἡλικίαν
531 2461 561 2513 οὔ
579 2462 663 2516 καλῶς
682 2460 882 2530 διαφυλάξασαν
899 2461 976 2530 μεχρὶ
994 2461 1086 2530 γάμου,
1105 2458 1349 2531 ἐγκατῳκοδόμησεν

197 2530 276 2598 αὐτὴν
299 2528 356 2599 μεθ
379 2527 459 2586 ἵππου
483 2531 518 2586 εἷς
542 2532 636 2601 ἔρημον
660 2531 748 2598 οἰκίαν,
774 2529 819 2603 ὑφ’
844 2528 874 2584 οὗ
897 2531 1034 2599 προδήλως
1059 2531 1169 2596 ἔμελλεν
1193 2529 1349 2583 ἀπολεῖσθαι

198 2600 240 2653 διὰ
261 2602 339 2669 λιμὸν
359 2601 587 2672 συγκαθειργμένη.
728 2606 794 2657 461.
815 2605 1029 2657 Cassandreus
1053 2599 1179 2672 quisquis
1203 2609 1247 2654 est
1272 2598 1348 2653 idem

197 2671 311 2726 uidetur
322 2689 385 2726 esse
398 2672 519 2742 quicum
527 2672 688 2727 Alexandro
697 2675 887 2728 Pheraeorum
897 2683 1016 2741 tyranno
1029 2671 1152 2740 iungitur
1158 2673 1237 2724 Pont.
1247 2669 1273 2723 ii.
1283 2685 1308 2738 9.
1314 2685 1348 2737 43

197 2743 265 2796 Neu
286 2743 341 2797 tibi
361 2744 551 2797 Cassandreus
569 2748 657 2814 pater
677 2750 719 2798 cst
738 2746 868 2814 gentisne
887 2744 1029 2798 Pheraeae
1066 2743 1158 2812 Quinc
1181 2745 1349 2812 repertorem

197 2815 306 2867 terruit
322 2819 385 2867 arte
401 2831 460 2868 sua.
498 2815 655 2884 Vtrobique
669 2816 845 2869 Cassandrus
862 2814 891 2868 in
910 2814 1024 2884 optimis
1043 2814 1124 2868 codd.
1142 2811 1277 2881 scriptum
1296 2821 1348 2866 est.

199 2884 258 2938 Sed
278 2885 465 2952 Cassandrus,
482 2903 655 2966 quamquam
674 2885 868 2940 crudelissime
886 2885 986 2940 saeuiit
1003 2885 1032 2938 in
1052 2884 1167 2938 domum
1185 2881 1348 2950 Alexandri,

198 2956 307 3022 morbo,
316 2972 374 3008 non
385 2955 773 3024 111,111511111115151,έπλήσθη
786 2958 837 3027 γὰρ
850 2956 940 3028 ὑδέρῳ,
950 2957 991 3008 καὶ
1003 2955 1047 3010 ἀπ’
1055 2956 1132 3008 αὐτοῦ
1146 2957 1217 3019 ζῶντι
1230 2953 1349 3022 ἐγένοντο

197 3026 272 3078 εὐλαί
285 3025 379 3092 (Faue.
394 3026 428 3080 ix.
443 3039 467 3092 7.
482 3026 509 3093 2)
549 3026 684 3081 Heinsius
698 3027 736 3081 ad
749 3029 830 3082 Pont.
844 3026 870 3081 ii.
885 3042 910 3096 9.
922 3042 958 3095 43
972 3026 1163 3082 Cassandreus
1178 3033 1206 3078 et
1219 3023 1257 3078 ibi
1275 3033 1303 3078 et
1319 3023 1348 3076 in

198 3096 253 3150 hoc
269 3095 357 3150 Ibidis
374 3096 436 3151 loco
453 3097 528 3166 legit,
542 3098 619 3168 quod
634 3097 833 3168 interpretatur
849 3098 885 3152 de
900 3098 1080 3167 Apollodoro,
1093 3106 1213 3165 tyranno
1227 3096 1349 3149 Cassan·

198 3167 293 3235 dreae,
313 3167 360 3237 qui
379 3177 526 3239 tamquam
545 3168 755 3223 crudelissimus
775 3186 839 3223 cum
859 3169 1009 3224 Phalaride
1028 3177 1056 3222 et
1077 3167 1253 3235 Hieronymo
1272 3164 1348 3235 apud

199 3238 298 3306 Polyb.
315 3237 362 3292 vii.
382 3250 406 3305 7,
426 3255 490 3292 cum
511 3238 649 3308 Dionysio
669 3239 784 3294 Nabide
804 3241 941 3294 Clearcho
963 3257 1007 3309 ap.
1027 3238 1136 3293 Aelian.
1158 3239 1194 3291 H.
1212 3239 1245 3290 A.
1262 3255 1286 3291 v.
1309 3248 1348 3304 15,

198 3324 264 3361 eum
273 3308 423 3362 Phalaride
435 3327 479 3378 ap.
492 3310 631 3363 Senecam
645 3310 680 3363 de
693 3312 739 3364 Ira
751 3311 778 3365 ii.
791 3323 814 3379 5,
828 3311 864 3365 de
878 3311 973 3365 Benef.
988 3309 1034 3364 vii.
1048 3325 1087 3377 19,
1102 3308 1161 3363 Cic.
1171 3309 1207 3361 de
1219 3309 1299 3361 N.D.
1310 3306 1347 3360 iii.

199 3393 240 3446 33.
255 3380 289 3432 82
308 3390 477 3433 numeratur.
518 3380 560 3434 Cs.
575 3382 707 3448 Polyaen.
721 3381 755 3435 vi.
771 3393 795 3450 7,
815 3381 900 3435 Diod.
914 3381 978 3436 xxii.
994 3394 1016 3449 5,
1037 3381 1108 3434 Plut.
1122 3380 1158 3433 de
1178 3379 1248 3433 Sera
1262 3380 1349 3431 Num.

198 3449 283 3504 Vind.
303 3449 330 3502 xi
353 3451 377 3503 oi
402 3449 606 3506 καταθύοντες
629 3451 806 3521 ἀνθρώπους
830 3452 872 3506 ε’πὶ
895 3453 1028 3520 τυραννίσι
1054 3451 1095 3503 καὶ
1120 3449 1294 3518 συνωμοσίαις
1315 3449 1349 3503 ὣς

198 3517 416 3589 Ἀπολλόδωροςε
452 3538 519 3574 nam
544 3522 732 3591 Apollodorus
764 3522 972 3576 firmamentum
1000 3519 1156 3589 tyrannidis
1183 3519 1349 3573 Callimelen

199 3589 331 3645 iuuenem
349 3591 393 3644 dis
412 3591 571 3646 immolarat
590 3592 706 3662 eiusque
725 3591 842 3660 uiscera,
858 3592 941 3646 simul
960 3591 1126 3660 sanguinem
1145 3589 1211 3643 uino
1230 3589 1348 3643 mixtum

198 3660 410 3715 coniurantibus
420 3679 516 3717 secum
526 3662 711 3718 hauriendum
724 3663 872 3729 obtulerat,
882 3679 938 3732 quo
950 3661 1041 3730 magis
1055 3661 1108 3715 sibi
1119 3661 1190 3714 fidos
1201 3660 1348 3714 adtineret.

198 3735 415 3787 Cassandreus
424 3743 467 3787 est
479 3736 494 3786 ὁ
508 3735 701 3804 Κασσανδρεὺς,
711 3751 767 3804 quo
780 3733 894 3787 nomine
905 3733 1016 3787 uidetur
1028 3732 1120 3786 dictus
1133 3749 1151 3784 a
1161 3731 1304 3798 Polyaeno
1313 3729 1348 3784 vi.

199 3815 231 3869 7:
251 3804 285 3857 cf.
296 3804 357 3859 Ael.
370 3805 406 3857 H.
418 3806 452 3858 A.
463 3823 488 3858 v.
503 3816 532 3872 15
547 3805 591 3856 τὸν
605 3804 797 3873 Κασσανδρέων
808 3806 946 3872 λευστῆρα.
986 3802 1042 3856 1111
1055 3819 1111 3872 qua
1123 3810 1213 3854 morte
1226 3799 1348 3869 perierit,

198 3890 256 3927 non
276 3883 406 3929 constat:
426 3891 493 3928 nam
511 3892 546 3929 ex
564 3875 705 3929 Plutarchi
721 3873 815 3930 uerbis
834 3877 879 3928 De
898 3875 967 3928 Sera
981 3876 1067 3928 Num.
1081 3871 1215 3926 Vindicta
1230 3889 1248 3923 x
1264 3872 1349 3940 φασὶν

198 3943 399 4015 Ἀπολλόδωρόν
410 3966 473 3998 ποτε
487 3947 549 3998 κατὰ
561 3946 620 4000 τοὺς
632 3944 726 4000 ὕπνους
737 3948 800 4014 ὁρᾷν
814 3945 980 4016 ἐκδερόμενον
998 3945 1087 3998 ἑαυτὸν
1105 3944 1154 3998 ὑπὸ
1169 3939 1286 4003 §subdus
1295 3935 1349 3994 εἶτα

197 4014 384 4083 καθεψόμενον,
397 4015 443 4083 τὴν
455 4015 483 4068 δέ
497 4017 601 4085 καρδίαν
613 4016 641 4069 έκ
653 4021 699 4070 τοῦ
712 4016 823 4083 λέβητος
834 4015 1065 4087 ὑποφθεγγομένην
1077 4014 1116 4066 καὶ
1128 4012 1266 4079 λέγουσαν
1280 4010 1348 4079 Ἐγώ

198 4107 242 4139 σοι
251 4085 349 4140 τούτων
358 4085 433 4154 αἰτία,
441 4086 511 4139 nihil
521 4086 625 4155 elicias,
635 4104 699 4140 cum
712 4088 784 4141 haec
794 4087 829 4141 de
840 4087 951 4141 somnio
963 4096 1073 4141 tantum
1083 4085 1220 4138 dicantur.
1241 4081 1349 4136 Licebit

198 4165 294 4211 tamen
307 4174 420 4210 uersum
434 4166 461 4211 et
479 4157 514 4211 de
529 4158 692 4212 Ptolemaeo
706 4159 835 4211 Cerauno
850 4157 1034 4227 interpretari.
1073 4157 1149 4210 Nam
1166 4153 1213 4220 hic
1227 4153 1349 4206 Cassan-

199 4227 284 4281 dreae
297 4227 451 4281 dominus
464 4245 529 4281 cum
542 4228 607 4281 dolo
617 4228 707 4282 factus
717 4238 801 4296 esset,
811 4246 844 4282 ac
854 4228 957 4282 sororis
967 4228 1105 4281 Arsinoae
1117 4225 1187 4278 filios
1198 4226 1229 4278 in
1262 4225 1349 4276 remia

197 4300 259 4352 eius
282 4300 359 4352 c'nter
378 4300 441 4367 ipsa
460 4300 555 4352 oscula
572 4299 740 4353 trucidasset
761 4299 865 4369 (Justin
883 4298 955 4352 xxiv.
975 4299 1012 4367 3),
1028 4298 1074 4352 dis
1091 4297 1241 4351 inmortali
1275 4312 1289 4347 s
1307 4299 1352 4360 tat

193 4370 328 4439 penuria
345 4375 447 4422 ettam
466 4376 581 4424 cruenta
594 4370 756 4440 parricidia
773 4371 983 4424 uindicantibus
1000 4370 1081 4422 breui
1091 4372 1159 4438 past
1176 4385 1194 4420 a
1208 4366 1301 4420 Gallis
1319 4365 1348 4418 in

198 4439 259 4493 acie
272 4441 371 4493 multis
384 4440 549 4494 uulneribus
564 4443 677 4494 saucius
692 4445 808 4510 capitur
819 4441 867 4510 (ib.
883 4440 917 4509 5).
956 4439 1041 4494 Cuius
1055 4438 1107 4493 etsi
1120 4442 1206 4508 caput
1218 4440 1348 4506 amputa-

197 4516 259 4564 tum
271 4516 300 4564 et
310 4511 407 4565 lancea
415 4513 512 4582 fiscum
527 4521 570 4565 est
584 4511 644 4580 (ib.)
659 4511 749 4580 potuit
762 4522 857 4585 tamen
875 4510 1001 4565 saucium
1018 4528 1119 4579 corpus
1137 4513 1247 4581 ingesta
1262 4507 1349 4560 burno

197 4582 398 4637 contumulari.
435 4584 473 4636 Et
491 4599 559 4637 sane
575 4582 674 4637 melius
688 4581 728 4637 sic
742 4581 843 4636 dicitur
855 4586 1070 4638 Cassandreus
1082 4582 1144 4636 he.
1159 4581 1348 4644 Ptolemaeus,
