3294 5214
616 445 941 506 PROLEGOMENA.
1257 449 1346 507 xxxiii

197 603 258 674 erit,
272 602 439 661 coniectura
453 601 659 661 tantummodo
674 603 765 679 qualis
780 601 864 661 fuerit
877 604 944 662 licet
958 603 1081 680 assequi.
1123 603 1191 676 Qua
1204 612 1302 664 tamen
1317 606 1348 664 in

197 703 229 743 re
246 685 326 762 quod
347 703 365 742 a
385 683 530 759 plerisque
550 683 715 758 neglectum
734 694 786 755 est,
800 685 829 742 in
851 703 887 744 eo
910 703 1055 743 summam
1076 686 1148 745 uerti
1169 687 1347 762 quaestionis

198 778 283 824 acute
305 764 464 823 Merkelius
484 764 640 839 perspexit.
683 762 761 823 Nam
781 766 956 842 Apollonius
978 785 1157 844 quamquam
1177 767 1349 845 plerumque

182 905 187 912 ,
199 858 228 906 et
237 848 268 904 in
278 856 400 923 utraque
412 845 471 903 uita
482 864 528 921 ap.
537 844 666 903 Keilium
678 865 727 922 pp.
739 861 879 922 532-534
891 847 1106 907 Alexandrinus
1116 859 1246 920 uocatur,
1255 848 1347 908 Athe-

199 946 275 987 naeo
290 937 362 987 teste
376 930 433 1001 283
449 927 486 984 ab
500 925 561 984 aliis
577 925 759 987 Naucratites
774 929 887 988 habitus
901 927 971 988 est*
1005 930 1046 987 At
1059 929 1090 987 in
1104 929 1251 1002 Naucrati,
1267 931 1349 1007 quod

199 1019 259 1068 erat
273 1009 415 1086 oppidum
429 1007 558 1083 Aegypti
576 1025 638 1066 non
656 1008 745 1086 longe
760 1009 870 1069 distans
885 1010 1062 1070 Alexandria
1075 1013 1112 1070 ab
1127 1011 1246 1082 oriente,
1261 1011 1349 1070 fuisse

199 1092 271 1149 olim
293 1090 382 1149 deum
403 1089 552 1166 quendam
574 1090 733 1165 antiquum,
749 1090 866 1150 Theuth
888 1093 1017 1161 nomine,
1037 1093 1083 1150 cui
1105 1110 1185 1151 sacra
1206 1093 1267 1151 auis
1288 1093 1349 1152 Ibis

199 1173 294 1231 dicata
315 1171 406 1242 luerit,
427 1170 580 1229 confirmat
602 1169 685 1230 Plato
706 1172 736 1229 in
758 1171 892 1232 Phaedro
916 1186 971 1248 274
989 1173 1031 1232 C:
1055 1174 1133 1232 unde
1153 1172 1350 1238 Naucratica†

199 1254 380 1330 potissimum
401 1252 462 1310 auis
484 1261 511 1310 et
527 1249 675 1327 Apollo'n'ii
697 1253 767 1311 ciuIs
783 1251 891 1332 (uerbis
911 1266 975 1314 utor
990 1254 1131 1327 Merkelii,
1152 1274 1182 1331 p.
1199 1255 1270 1334 338)
1289 1256 1351 1314 Ibis

200 1335 262 1394 fuit.
313 1334 393 1393 Hinc
417 1333 573 1409 praecipue
598 1334 679 1392 riuali
703 1352 813 1392 nomen
837 1336 928 1394 Ibidis
952 1337 1116 1412 inposuisse
1139 1335 1350 1395 Callimachum

200 1435 267 1476 reor
275 1437 283 1490 ;
304 1434 360 1476 nec
375 1415 476 1474 dubito
490 1426 523 1472 ut
533 1414 690 1486 uolucrem,
703 1417 743 1474 sic
756 1415 934 1476 Mercurium
949 1417 1009 1476 siue
1021 1416 1147 1489 Theuth‚
1159 1419 1206 1477 cui
1220 1437 1255 1477 ea
1269 1435 1352 1476 sacra

200 1497 261 1564 luit,
276 1508 372 1573 partes
391 1497 422 1554 in
443 1495 511 1553 din's
533 1495 594 1553 eius
615 1496 759 1556 habuisse.
802 1497 879 1556 Nam
897 1509 925 1557 et
940 1497 1062 1558 Ouidius
1083 1498 1162 1557 hunc
1182 1499 1292 1558 inducit
1306 1498 1350 1558 Ib.

203 1599 271 1651 214.
314 1579 373 1650 Qui
398 1578 485 1637 etiam
508 1576 577 1635 illud
602 1577 691 1636 credo
717 1578 826 1636 addidit
851 1599 886 1639 ex
908 1579 1104 1639 Callimachea
1124 1580 1208 1638 ibide
1230 1599 1289 1656 449
1311 1579 1355 1638 ΕΙ

201 1661 301 1736 quz'bus
314 1661 417 1738 enguo
431 1660 557 1716 uolucris
570 1658 664 1717 deuota
677 1660 765 1718 libello
778 1668 819 1718 est
833 1659 989 1739 Corpora
1007 1661 1163 1739 proiecta
1184 1679 1270 1738 quae
1291 1679 1352 1720 sua

226 1752 363 1818 urgata
393 1761 444 1801 ua.
1410 1810 1416 1826 Ι

200 1761 221 1819 p
243 1823 303 1883 Hic
323 1761 389 1882 noril
404 1842 527 1900 possum
547 1822 727 1884 Schneidero
744 1824 894 1901 suffragari
908 1826 1083 1885 existimanti
1098 1824 1269 1884 Callimachi
1284 1824 1351 1883 Ibin

201 1916 262 1970 tam
278 1907 415 1981 exiguum
429 1907 550 1965 libellum
569 1905 658 1963 luisse
673 1916 704 1964 ut
717 1923 809 1964 unum
822 1914 936 1964 tantum
951 1907 1095 1982 conplexa
1114 1925 1208 1983 genus
1227 1907 1353 1965 dirarum

203 2003 264 2044 non
285 1987 357 2045 ultra
379 1987 452 2047 fines
473 1987 690 2065 epigrammatis
710 2005 866 2064 progressa
889 1989 933 2047 sit.
975 1987 1048 2046 Esto
1069 1990 1149 2046 enim
1169 1998 1201 2048 ut
1222 2007 1298 2065 quae
1322 1987 1353 2045 in

203 2069 297 2144 ipsam
317 2087 402 2128 auem
421 2070 586 2146 inprecatus
601 2077 644 2126 est
659 2086 720 2126 non
735 2069 810 2127 adeo
824 2069 914 2128 multa
928 2069 1051 2142 fuerint;
1074 2079 1103 2128 at
1117 2069 1269 2129 adicienda
1286 2078 1353 2128 sunt

204 2144 330 2226 quaein
344 2151 535 2227 Apollonium
555 2149 665 2209 direxit.
708 2149 783 2222 Quis
804 2151 882 2209 enim
904 2151 979 2210 diras
1000 2152 1031 2209 in
1052 2151 1202 2210 inimicum
1223 2151 1353 2211 scribens

204 2232 272 2290 satis
297 2234 355 2290 irae
380 2232 545 2291 consultum
568 2241 651 2308 putet
679 2231 703 2289 si
730 2232 860 2292 aniculae
885 2233 962 2291 mala
985 2233 1077 2291 multa
1100 2233 1271 2308 inprecetur,
1297 2232 1354 2308 ipsi

205 2313 296 2386 nihil?
335 2313 426 2385 Quod
441 2313 510 2372 siin
525 2311 631 2372 eodem
647 2313 773 2372 carmine
788 2324 817 2372 et
830 2314 897 2372 Ibin
911 2325 939 2372 et
954 2313 1144 2390 Apollonium
1159 2313 1354 2373 Callimachus

206 2395 332 2467 deuouit,
347 2405 396 2453 aut
417 2394 622 2470 longissimum
645 2395 826 2470 epigramma
847 2395 931 2455 fuerit
952 2413 1073 2454 necesse
1094 2405 1146 2466 est,
1161 2405 1211 2454 aut
1230 2394 1355 2455 Ouidius

205 2478 339 2552 exz'gnum
364 2476 492 2535 libellum
513 2475 683 2534 Callimachi
707 2495 775 2552 prae
800 2495 854 2535 suo
878 2477 1060 2535 existimauit.
1104 2475 1173 2536 Hoc
1198 2485 1229 2535 ut
1253 2493 1355 2534 uerum

206 2558 332 2628 credam,
347 2559 438 2616 multa
456 2558 573 2616 faciunt.
617 2556 695 2615 Nam
715 2558 740 2616 si
754 2558 820 2616 Ibin
835 2576 917 2616 suam
932 2558 1052 2616 libellum
1073 2576 1101 2615 u.
1118 2571 1152 2632 51
1171 2557 1251 2628 dixit,
1266 2575 1354 2634 quae-

206 2657 264 2716 que
288 2640 319 2696 in
343 2658 378 2698 ea
405 2639 527 2716 prolusit
549 2648 642 2712 pauca
666 2657 695 2697 u.
718 2642 776 2715 639
806 2658 875 2716 prae
905 2638 1063 2716 postmodo
1089 2638 1248 2698 scribendis
1276 2649 1355 2696 ratus

207 2721 379 2779 est-habet
400 2731 497 2780 autem
519 2737 636 2778 carmen
657 2737 759 2779 uersus
781 2720 986 2793 644-eadem
1007 2721 1118 2779 ratione
1133 2719 1276 2797 Cyrenaei
1290 2719 1356 2778 Ibin

206 2805 342 2878 exiguam
357 2803 485 2861 dicturus
502 2800 561 2874 fuit,
577 2801 601 2860 si
623 2819 684 2859 non
706 2801 780 2860 ultra
800 2813 918 2862 centum
937 2803 984 2861 uel
1004 2803 1146 2861 ducentos
1167 2819 1268 2860 uersus
1289 2819 1356 2878 pro-

208 2883 295 2942 ducta
316 2894 399 2942 esset.
441 2882 482 2941 Vt
503 2882 639 2959 exemplo
660 2901 722 2941 rem
744 2884 891 2955 illustrem,
913 2885 991 2942 nulla
1013 2895 1056 2943 est
1076 2883 1202 2960 epistula
1216 2883 1357 2941 Tristium
1453 2951 1454 2954 4

208 2974 321 3041 praeter
341 2964 446 3033 librum
467 2965 628 3023 secundum
649 2965 698 3040 qui
720 2983 820 3024 uersus
839 2970 898 3040 578
916 2965 1011 3038 habet,
1026 2964 1105 3024 nulla
1126 2967 1298 3042 scriptarum
1319 2983 1357 3022 ex

207 3047 314 3117 Ponto,
329 3063 419 3122 quam
433 3064 494 3104 non
508 3046 646 3122 exiguum
661 3046 788 3104 libellum
803 3048 930 3107 dicturus
945 3047 1053 3106 fuerat:
1076 3065 1172 3122 neque
1187 3046 1310 3122 epistula
1322 3064 1358 3104 ea

208 3146 266 3204 qua
290 3127 477 3203 Trrumplrum
499 3145 584 3185 suum
606 3126 716 3186 Rufino
737 3129 822 3187 mittit
845 3127 941 3204 (Pont.
962 3129 1000 3187 iii.
1024 3127 1055 3207 4)
1080 3129 1244 3187 breuiorem
1268 3127 1358 3186 credo

207 3209 304 3286 ipsum
322 3209 507 3284 Triumphum
524 3209 620 3281 fuisse,
634 3211 768 3285 quamuis
782 3220 847 3287 opus
867 3212 1003 3286 exiguum
1023 3210 1052 3268 id
1074 3211 1184 3269 uocarit
1199 3205 1255 3287 (5).
1299 3207 1358 3266 Sed

209 3301 237 3348 et
258 3291 321 3366 ipse
342 3309 407 3349 sese
431 3291 635 3366 interpretatus
656 3300 699 3348 est
720 3292 851 3350 uersibus
873 3292 910 3350 de
932 3293 1037 3368 quibus
1059 3309 1220 3368 perperam,
1242 3291 1267 3350 si
1288 3288 1359 3366 quid

153 3381 156 3386 '
209 3371 313 3430 Latine
328 3373 420 3448 sapio,
435 3371 629 3430 Schneiderus
643 3371 789 3432 iudicauit.
831 3373 909 3432 Dicit
923 3374 1002 3431 enim
1015 3391 1064 3431 uu.
1081 3376 1179 3447 57-64

373 3452 461 3511 Nunc
482 3470 541 3529 quo
563 3452 710 3512 Battiades
730 3454 881 3514 inimicum
902 3455 1028 3513 deuouet
1049 3454 1124 3526 lbin,

415 3533 484 3593 Hoc
506 3552 562 3609 ego
584 3534 718 3593 deuoueo
739 3545 825 3611 teque
846 3546 971 3612 tuosque
993 3535 1092 3604 modo.

373 3614 472 3691 thue
492 3615 538 3672 ille
559 3615 684 3675 historiis
705 3617 855 3675 inuoluam
876 3618 1005 3676 carmina
1026 3618 1129 3689 caecis,

414 3696 485 3754 Non
507 3696 617 3756 soleam
638 3699 773 3774 quamuis
793 3698 850 3756 hoc
872 3716 965 3774 genus
986 3698 1050 3774 ipse
1071 3699 1162 3775 sequi.

375 3777 461 3839 Illius.
477 3779 616 3854 ambages
638 3779 765 3838 imitatus
786 3779 816 3836 in
838 3778 920 3837 Ibide
942 3779 1029 3850 dicar,

417 3858 533 3919 Oblitus
554 3861 644 3918 mons
664 3861 821 3937 iudiciique
843 3861 910 3918 mei.

375 3937 414 3998 Et
434 3942 574 4016 quoniam
595 3942 645 4018 qui
666 3942 705 4000 sis
727 3941 859 4001 nondum
880 3942 1085 4018 quaerentibus
1106 3941 1171 4011 edo,

371 4047 375 4054 ς
415 4021 505 4080 Ibidis
526 4025 637 4082 interea
657 4032 688 4080 tu
708 4041 827 4100 quoque
848 4041 958 4083 nomen
978 4022 1062 4081 habe.

208 4159 213 4189 Ι
245 4200 259 4234 *
279 4193 439 4245 Ἀταλλάυιος
450 4195 470 4244 δ’
482 4196 495 4244 ὅ
506 4193 595 4244 Ῥόδιος
605 4195 621 4256 ἢ
632 4193 801 4258 Ναυκρατίτης
813 4195 839 4244 ἐν
849 4193 1005 4258 Ναυκράτεως
1020 4192 1105 4244 κτίσει.
1139 4195 1227 4242 helian.
1240 4195 1271 4246 H.
1284 4197 1312 4244 A.
1325 4211 1362 4244 xv.

215 4276 244 4324 23
256 4260 417 4310 Ἀπολλώνιος
428 4263 441 4309 ὃ
454 4260 541 4310 Ῥόδιος
551 4261 567 4322 ἡ
578 4260 752 4326 Ναυκρατίτης.

245 4330 264 4388 †
287 4329 322 4375 Sic
339 4329 489 4376 Calchedonii
509 4325 604 4390 ἐρυδιὸυ
621 4329 668 4376 siue
687 4330 778 4377 ardeam
797 4338 917 4389 tamquam
935 4324 1054 4391 προδότην
1071 4329 1191 4384 notabant,
1209 4327 1262 4389 quia
1281 4328 1363 4375 urbem

212 4394 291 4441 hostes
302 4403 408 4454 ceperant
420 4396 476 4442 dum
488 4409 555 4441 auem
567 4410 596 4441 ex
608 4395 705 4441 aduerso
720 4395 787 4441 litore
802 4395 924 4441 obseruant
941 4395 1005 4454 aquis
1022 4402 1112 4441 exstare
1127 4395 1190 4441 cibos
1206 4393 1362 4458 colligentem,

213 4474 309 4520 eamque
323 4459 408 4507 imitati
424 4461 465 4520 ipsi
479 4475 520 4520 per
533 4468 630 4521 pontum
646 4468 766 4520 tamquam
782 4460 875 4507 interra
891 4460 920 4506 ad
935 4475 1013 4508 muros
1024 4460 1193 4524 adgredIuntur,
1208 4461 1281 4506 Anth.
1293 4461 1319 4508 P.
1330 4459 1363 4508 ix.

215 4537 271 4587 551.

779 4609 794 4649 C
