3296 5210
317 469 373 525 156
726 458 1075 523 COMMENTARIVS.

312 621 425 690 direpta
433 621 490 690 per
498 623 587 672 artus.
622 616 744 671 Nicand.
756 617 800 670 Al.
813 631 863 684 30²
877 614 1005 683 Μαρσύου
1016 611 1063 684 ᾗχί
1073 636 1102 669 τε
1114 617 1210 678 Φοῖβος
1222 613 1273 668 ἀπὸ
1285 617 1363 697 phtia
1373 613 1476 669 δύοοτο

313 710 439 816 tilla
462 690 847 829 ..bilbithl'dbhll
854 685 1476 828 lilith...liebhilhhilhhh

313 833 425 886 assidue
443 831 657 884 commeletando
676 845 776 882 sonum
795 830 956 882 suauiorem
974 830 1006 880 in
1024 828 1083 881 dies
1091 827 1225 898 faciebat,
1244 829 1312 881 adeo
1331 834 1364 881 ut
1383 827 1476 896 Apol-

313 905 400 958 linem
412 902 453 954 ad
461 901 587 955 citharae
604 906 718 954 cantum
737 901 768 952 in
786 905 924 953 certamen
938 902 1116 968 prouocaret.
1152 914 1207 966 quo
1220 904 1254 950 ut
1264 898 1372 968 Apollo
1385 899 1475 965 uenit,

313 975 417 1026 Musas
434 972 539 1025 iudices
556 975 757 1041 sumpserunt:
774 975 880 1024 etcum
897 971 956 1022 ziam
969 970 1104 1038 Marsyas
1122 969 1188 1022 inde
1205 970 1299 1022 uictor
1314 969 1474 1036 discederet,

314 1044 342 1097 A
341 1044 421 1113 pollo
432 1042 573 1096 citharam
586 1041 723 1108 uersabat,
736 1040 862 1109 idemque
873 1056 959 1092 sonus
970 1045 1051 1103 erat,·
1068 1039 1146 1109 quod
1155 1039 1276 1108 Marsya
1288 1040 1367 1093 tibiis
1374 1040 1475 1108 facere

313 1131 370 1167 non
380 1115 482 1183 potuit.
501 1115 597 1182 itaque
608 1112 715 1182 Apollo
727 1113 834 1165 uchtnm
847 1111 988 1179 Marsyan
1000 1110 1042 1164 ad
1050 1109 1177 1163 arborem
1189 1109 1342 1180 relegatum
1353 1109 1474 1179 Scythae

313 1185 442 1250 tradidit,
470 1185 522 1252 qui
549 1199 612 1236 eum
643 1182 819 1235 membratim
848 1183 1003 1250 separauit.
1034 1181 1175 1249 reliquum
1200 1185 1302 1250 corpus
1331 1181 1473 1250 discipulo

317 1256 435 1324 Olympo
446 1254 608 1323 sepulturae
619 1253 755 1306 tradidit.-
772 1270 786 1305 e
797 1253 878 1305 cuius
889 1253 1028 1322 sanguim
1035 1251 1149 1320 flumen
1161 1253 1282 1320 Marsya
1293 1257 1336 1304 est
1346 1252 1473 1321 appella·

236 1363 239 1372 .
314 1332 384 1380 tum.
422 1326 462 1377 M.
482 1323 518 1377 vi.
534 1338 588 1390 400
602 1324 725 1393 Marsya
746 1339 844 1376 nomen
865 1322 954 1390 habet,
976 1321 1121 1392 Phrygiae
1141 1321 1349 1390 liquidissimus
1369 1323 1472 1389 amnis,

315 1413 400 1466 quem
413 1396 506 1448 locum
519 1394 612 1449 attulit
627 1393 781 1447 Mauricius
796 1392 925 1447 Schmidt
938 1392 976 1446 ad
990 1394 1064 1461 Hyg.
1082 1392 1139 1460 165.
1229 1395 1298 1446 553.
1318 1395 1472 1446 Saxificae

314 1470 473 1520 Medusae.
512 1467 553 1520 M.
566 1483 592 1519 v.
606 1465 658 1518 216
675 1465 776 1532 Vincis,
795 1465 846 1531 ait,
861 1464 985 1528 Perseu,·
1006 1479 1117 1516 remoue
1134 1467 1186 1516 tua
1204 1469 1340 1530 monstra,
1353 1469 1473 1533 tuaeque

315 1536 483 1591 Saxificos
495 1537 616 1603 uultuS,
629 1551 808 1605 quaecunque
819 1551 859 1602 ea,
872 1534 939 1587 tolle
953 1533 1125 1588 Medusae.
1197 1536 1268 1586 554.
1288 1536 1473 1598 Cephenum

315 1608 497 1677 Aethiopum.
534 1609 647 1661 Tzetzes
667 1605 704 1659 ad
728 1607 793 1674 Lyc.
814 1605 866 1672 834
888 1605 971 1658 docet
990 1621 1008 1658 a
1029 1603 1121 1658 stultis
1145 1603 1249 1672 (μωροὶ)
1272 1605 1471 1658 tantummodo

317 1677 571 1749 CephenasAethio
593 1693 624 1730 as
633 1676 698 1730 dici.
718 1676 777 1730 Sed
785 1675 842 1729 iam
851 1675 971 1728 Deinias
979 1691 1023 1744 ap.
1034 1675 1116 1728 Phot.
1125 1691 1152 1744 p.
1161 1689 1213 1742 443
1222 1675 1335 1728 Bekker
1343 1685 1471 1730 narrarat

314 1750 344 1815 ἐξ
355 1747 471 1818 ''Apyous
484 1748 519 1802 sis
532 1747 563 1800 Al
581 1747 673 1813 ιοπίαν,
686 1747 828 1800 ἐκαλεῖτο
842 1745 874 1799 δὲ
887 1748 956 1798 τότε
969 1745 1119 1813 Κηφηνίο,
1131 1748 1326 1815 πορογεγονύτα
1339 1746 1383 1799 ἐπὶ
1395 1743 1472 1799 λύσει

315 1821 360 1886 τῆς
372 1817 482 1885 Κηφέως
501 1819 627 1886 θυγατρὸς
645 1820 691 1870 τὸν
703 1817 825 1886 Περσέος
845 1816 1005 1870 Alexander
1018 1815 1179 1883 Polyhistor
1190 1832 1235 1885 ap.
1250 1816 1348 1885 Steph.
1364 1817 1397 1870 B.
1411 1833 1434 1870 s.
1444 1834 1469 1872 u.

315 1888 398 1955 Λιβύη
411 1889 484 1942 inter
498 1888 604 1956 Libyae
617 1887 733 1941 nomina
745 1889 877 1942 retulerat
892 1887 1040 1954 Κηφηνίονε
1061 1896 1090 1940 ut
1103 1891 1161 1941 nori
1174 1886 1236 1940 sine
1248 1903 1335 1940 causa
1349 1886 1471 1941 Ouidius

316 1962 387 2015 Met.
400 1959 436 2012 iv.
450 1959 510 2026 763,
523 1977 549 2012 v.
564 1971 597 2026 97
613 1960 763 2028 Cephenas
781 1957 889 2012 uocarit
908 1974 957 2011 eos
971 1957 1007 2011 de
1020 1956 1121 2028 quibus
1139 1967 1204 2011 ante
1224 1956 1270 2025 (iv.
1283 1956 1346 2025 668)
1361 1957 1470 2011 dixerat

313 2029 486 2100 Aethiopum
495 2030 618 2100 populos
626 2029 787 2099 Cepheaque
797 2030 934 2098 conspicit
944 2045 1026 2082 arua.
1059 2027 1187 2081 Historia
1196 2037 1272 2081 extat
1282 2045 1324 2096 ap.
1337 2028 1470 2096 Apollod.

314 2100 341 2155 ii.
355 2115 379 2167 4.
395 2115 419 2168 3,
435 2102 504 2153 Met.
516 2118 542 2153 ν.
559 2114 569 2152 1
585 2116 646 2169 sqq.
685 2101 760 2168 Hyg.
774 2099 809 2165 64
823 2101 952 2169 Cassiope
959 2100 1044 2169 fileae
1060 2115 1128 2151 suae
1139 2098 1337 2152 Andromedae
1338 2099 1471 2167 formam

313 2171 482 2226 Nereidibus
505 2172 673 2240 anteposuit.
710 2171 741 2223 ob
769 2171 804 2223 id
826 2171 979 2240 Neptunus
1004 2170 1203 2238 expostulauit,
1229 2175 1262 2222 ut
1285 2169 1472 2222 Andromeda

315 2242 419 2312 Cephei
429 2242 498 2311 filia
519 2247 575 2294 ceto
597 2242 754 2294 obiceretur.
792 2257 947 2310 quaecum
972 2246 1040 2293 esset
1063 2240 1165 2293 obiecta
1189 2241 1307 2292 Perseus
1328 2240 1473 2293 Mercurii

313 2313 453 2367 talaribus
466 2312 567 2365 uolans
578 2329 607 2365 eo
619 2313 728 2366 dicitur
738 2314 846 2364 uenisse
857 2316 885 2364 et
895 2329 957 2364 eam
969 2311 1098 2364 liberasse
1110 2328 1128 2363 a
1136 2311 1271 2380 periculo.
1307 2327 1394 2379 quom
1407 2327 1470 2364 cum

313 2384 446 2438 abducere
462 2383 553 2451 uellet,
568 2383 691 2452 Cepheus
703 2386 791 2452 pater
807 2399 870 2435 cum
881 2382 1020 2451 Agenore,
1038 2383 1121 2434 cuius
1137 2385 1240 2451 sponsa
1248 2381 1322 2450 suit,
1334 2382 1470 2434 Perseum

314 2456 387 2508 clam
404 2455 558 2524 interficere
576 2455 735 2507 uoluerunt.
773 2453 822 2506 ille
839 2456 953 2523 cognita
973 2469 1004 2505 re
1021 2456 1108 2521 caput
1126 2453 1266 2522 Gorgonis
1283 2453 1323 2504 eis
1340 2453 1468 2520 ostendit,

314 2524 645 2594 omnesqueabhumana
656 2525 744 2593 speeie
755 2529 823 2576 sunt
834 2523 986 2589 informati
997 2524 1028 2576 in
1040 2539 1149 2576 saxum.
1176 2525 1300 2576 multos.
1329 2523 1405 2576 M.v.
1418 2535 1468 2588 207

313 2598 442 2651 Nomina
465 2596 551 2666 longa
572 2612 652 2648 mora
670 2600 712 2647 est
730 2593 822 2647 media
842 2594 875 2647 de
891 2593 970 2664 plebe
990 2595 1120 2646 uirorum
1141 2593 1248 2647 Dicere.
1285 2593 1339 2646 Bis
1358 2599 1468 2645 centnm

313 2668 456 2721 restabant
473 2669 591 2735 corpora
603 2669 728 2736 pugnae.
761 2665 889 2734 Gorgone
906 2665 947 2718 bis
964 2669 1073 2718 centnm
1091 2665 1245 2734 riguerunt
1260 2666 1378 2732 corpora
1397 2664 1468 2716 uisa.

314 2741 384 2791 555.
403 2739 601 2790 Potniadum
637 2734 754 2789 Potniae
767 2735 834 2788 urbs
848 2734 992 2789 Boeotiae.
1027 2735 1135 2787 Probus
1152 2733 1190 2787 ad
1207 2735 1291 2802 Verg.
1306 2735 1342 2788 G.
1354 2733 1393 2788 iii.
1407 2734 1467 2800 267,

313 2825 340 2877 p.
354 2808 388 2873 67
405 2808 468 2860 Keil
481 2809 587 2860 Potnia
600 2807 667 2859 urbs
678 2813 719 2859 est
730 2806 861 2859 Boeotiae
873 2806 923 2859 ubi
934 2806 1060 2859 Glaucus
1072 2803 1191 2874 Sisyphi
1193 2805 1279 2874 filius
1290 2809 1317 2856 et
1328 2805 1467 2874 Meropes,

315 2885 348 2932 nt
365 2878 545 2947 Asclepiades
564 2877 592 2930 in
610 2875 832 2949 Τρογῳδουμένων
849 2877 921 2930 libro
937 2878 1035 2944 primo
1053 2877 1103 2942 ait,
1120 2874 1220 2929 habuit
1230 2891 1323 2943 equas,
1336 2891 1408 2943 quas
1419 2875 1468 2928 ad·

312 2955 444 3001 sueuerat
464 2948 590 3001 humana
607 2965 691 3002 carne
710 2948 791 3014 alere,
810 2964 865 3016 quo
883 2947 1014 3016 cupidius
1031 2947 1062 2998 in
1081 2945 1184 2998 hostem
1203 2947 1345 2998 irruerent
1361 2951 1390 2998 et
1402 2949 1467 3014 per-

314 3021 453 3072 niciosius.
481 3021 575 3088 ipsum
587 3025 689 3086 autem,
707 3035 771 3072 cum
789 3019 925 3071 alimenta
942 3018 1108 3084 dcy‘eeissent,
1127 3016 1337 3069 deuorauerunt
1347 3017 1379 3068 in
1392 3016 1468 3069 ludes

304 3088 476 3160 funebribus
494 3090 597 3144 Peliae.
634 3089 690 3141 Alii
712 3088 793 3143 aliter
814 3105 874 3143 rem
893 3098 1008 3141 narrant
1028 3089 1103 3155 Hyg.
1123 3098 1182 3154 250,
1197 3098 1257 3153 273,
1277 3086 1354 3140 Seru.
1375 3085 1413 3139 ad
1432 3087 1466 3140 G.

314 3159 352 3212 iii.
372 3159 432 3227 267,
456 3159 610 3227 Philargyr.
632 3159 708 3227 ibid,
729 3159 822 3213 Schol.
843 3161 909 3213 Eur.
930 3160 1023 3212 Orest.
1045 3172 1120 3225 1124,
1141 3155 1296 3210 Pausanias
1314 3155 1351 3210 vi.
1370 3171 1413 3210 20.
1436 3171 1467 3225 19

315 3229 362 3282 ubi
384 3228 548 3299 Ταράξιππος
569 3229 738 3283 nominatur.
775 3229 909 3283 Aelianus
930 3231 968 3282 H.
987 3230 1022 3282 A.
1039 3247 1082 3282 xv.
1097 3240 1129 3296 ος
1149 3227 1235 3281 tradit
1255 3228 1362 3280 iontem
1380 3226 1466 3282 fuisse

316 3299 423 3353 Potniis
444 3316 529 3368 quem
549 3299 680 3354 bibentes
702 3299 766 3370 equi
787 3299 951 3354 insanirent.
1035 3301 1105 3352 556.
1125 3301 1264 3352 Glaucus
1283 3303 1320 3352 ut
1341 3301 1429 3365 alter,
1451 3300 1465 3350 ὁ

314 3369 476 3434 Ἀνθηδόνιος
493 3368 612 3437 dictoris
632 3371 746 3437 (Athen.
766 3371 837 3438 679).
877 3373 923 3424 De
944 3386 978 3424 eo
999 3369 1136 3439 quidquid
1158 3378 1268 3423 ueteres
1291 3368 1466 3422 tradiderant

314 3440 427 3508 collegit
440 3441 603 3494 Athenaeus
618 3441 677 3509 296,
691 3454 749 3509 297.
789 3443 871 3495 Paus.
885 3441 919 3494 lx.
934 3455 976 3495 22.
990 3453 1005 3506 7
1019 3439 1121 3493 Τούτων
1133 3440 1160 3492 τέ
1174 3438 1204 3506 δή
1217 3439 1276 3492 ἐστι
1288 3442 1319 3506 τῇ
1332 3437 1465 3506 Ἀνθηδόνι

313 3505 1466 3651 tzitta“titleillitatillll..ltlltalllmihl..llil

388 3622 395 3650 ‚
1455 3612 1467 3621 .

314 3662 395 3707 cutus
414 3662 457 3707 est
477 3654 609 3721 Glaucus,
628 3654 661 3707 cf.
681 3654 783 3707 Aesch.
801 3653 832 3706 fr.
852 3653 952 3706 Glauci
965 3665 998 3718 27
1018 3652 1128 3719 Nauck,
1146 3653 1248 3704 Athen.
1262 3650 1324 3719 679,
1337 3651 1464 3719 Apostol.

313 3741 340 3778 v.
356 3738 399 3792 49,
419 3722 503 3778 Ouid.
524 3725 563 3778 M.
582 3723 637 3778 xiii.
656 3737 716 3793 905,
734 3740 804 3793 sqq,
824 3723 938 3778 Lobeck
955 3723 1019 3791 Agl.
1038 3740 1065 3792 p.
1086 3723 1145 3788 866,
1166 3721 1300 3776 Meineke
1318 3721 1400 3774 Anal.
1420 3722 1464 3776 Al.

313 3811 340 3864 p.
364 3794 427 3863 238)
447 3796 539 3864 ἔφαγε,
564 3794 670 3864 δαίμονα
691 3796 718 3847 ἐν
741 3794 864 3860 θαλάσση
885 3792 1006 3864 γενέσθαι
1028 3793 1069 3846 καὶ
1090 3792 1233 3862 ἀνθρώποις
1253 3792 1285 3845 τὰ
1305 3792 1418 3856 ἐσόμενα
1439 3792 1467 3846 e’s

312 3865 373 3919 τόδε
385 3865 523 3935 προλέγειν
536 3862 599 3918 οἵτε
612 3865 689 3918 ἄλλοι
700 3865 782 3918 πιστὰ
795 3864 907 3933 ἥγηνται,
921 3865 961 3917 καὶ
974 3865 998 3917 oi
1009 3864 1055 3931 τὴν
1067 3863 1206 3917 θάλασσαν
1217 3861 1341 3916 πλέοντες
1352 3862 1467 3916 πλεῖστα

312 3935 453 4002 ἀνθρώπων
478 3936 504 3989 e's
528 3935 574 4002 τὴν
597 3933 713 3988 Γλαύκου
736 3936 857 4003 μαντικὴν
881 3935 944 3987 κατὰ
968 3933 1025 3989 ἔτος
1048 3934 1158 3988 ἕκαστον
1182 3932 1301 4003 λέγουσι.
1347 3931 1465 4001 Scripsit

312 4006 488 4075 tragoediam
506 4006 542 4060 de
561 4007 616 4059 hoc
639 4007 748 4060 Glauco
769 4006 934 4074 Aeschylus,
956 4005 1077 4073 hymnos
1100 4004 1246 4058 Euanthes
1268 4013 1296 4057 et
1317 4002 1465 4072 Pindarus,

313 4093 382 4144 epos
404 4076 564 4130 Alexander
582 4077 707 4144 Aetolus
728 4076 806 4130 cuius
826 4076 924 4144 fragm.
946 4085 1022 4130 extat
1044 4093 1088 4144 ap.
1112 4075 1215 4129 Athen.
1238 4074 1298 4142 296.
1396 4077 1463 4128 557.

312 4164 435 4201 nomen.
474 4149 581 4200 Glauco
596 4147 702 4200 Minois
719 4146 784 4215 filio,
797 4147 844 4217 qui
864 4146 957 4200 infans
976 4145 1150 4200 adhucdum
1166 4162 1276 4198 murem
1288 4143 1465 4224 persequitur

314 4217 457 4286 (Apollod.
471 4216 507 4272 iii.
522 4232 547 4285 3.
565 4217 588 4286 1)
607 4219 651 4272 uel
670 4217 728 4287 pila
745 4217 816 4271 ludit
836 4218 923 4286 (Hyg.
941 4216 1000 4284 136)
1020 4216 1049 4269 in
1068 4216 1175 4270 dolium
1194 4215 1285 4269 mellis
1305 4214 1416 4282 cecid1t,
1436 4224 1464 4269 et

312 4287 354 4339 sic
367 4287 520 4341 exstinctus
534 4297 586 4343 est.
624 4291 710 4342 Hunc
730 4288 863 4356 Polyidus
882 4298 971 4354 uates,
990 4297 1175 4340 monumento
1194 4303 1259 4341 cum
1277 4303 1312 4340 eo
1331 4285 1464 4354 inclusus,

313 4373 382 4410 cum
401 4358 526 4411 occisum
548 4375 671 4427 anguem
692 4370 857 4413 reuocatum
875 4359 912 4412 ad
932 4358 1021 4412 uitam
1043 4359 1079 4411 ab
1102 4357 1158 4411 alio
1177 4357 1296 4412 herbam
1319 4356 1465 4410 adserente

312 4426 439 4494 uidisset,
462 4429 563 4481 eadem
585 4446 652 4483 usus
673 4429 763 4483 herba
784 4428 952 4484 reuiuiscere
974 4427 1049 4482 fecit.
1088 4427 1261 4482 Claudianus
1281 4429 1312 4480 B.
1335 4427 1399 4480 Get.
1412 4441 1464 4494 443

312 4497 455 4565 Cretaque,
468 4500 496 4550 si
506 4516 598 4553 uerae
607 4507 749 4554 narratur
750 4500 863 4570 sabula,
876 4501 952 4554 uidit
962 4501 1097 4554 Minoum
1112 4502 1197 4568 rupto
1210 4503 1335 4568 puerum
1347 4498 1465 4568 prodire

309 4568 443 4637 sepulcro,
459 4569 547 4638 Quem
559 4573 654 4625 sentior
664 4577 742 4624 uates
754 4573 853 4626 auium
870 4572 1001 4642 clangore
1014 4573 1156 4640 repertum
1173 4571 1309 4624 Gramine
1320 4569 1466 4634 restituit,·
