3312 5200
598 441 947 504 COMMENTARIVS.
1293 443 1349 500 123

194 609 285 654 morte
300 599 351 653 sed
366 599 461 668 palam
480 607 606 667 necatos,
620 597 839 666 Secundianum,
852 598 965 652 Arsiten
984 613 1048 651 cum
1061 593 1208 667 Artyphio,
1223 595 1349 652 Pissuth·

193 689 251 725 nen
265 673 354 738 (Pers.
369 671 412 737 48,
429 682 469 737 51,
485 669 528 736 52)
543 686 614 738 quos
627 679 721 723 narrat
736 669 855 723 Darium
869 670 981 724 Ochum
994 669 1030 724 είς
1046 669 1092 735 τὴν
1105 668 1205 721 σποδὸν
1217 667 1348 737 ἐμβαλεῖν.

194 742 332 796 Similiter
345 757 388 809 ap.
405 741 511 793 Herod.
525 739 551 793 ii.
570 755 620 794 100
640 740 764 794 Nitocris
778 739 856 807 αὐτην
868 762 910 803 μιν
922 739 1001 810 ῥίψαι
1013 739 1040 794 ές
1052 736 1143 807 οἴκημα
1157 738 1257 792 σποδοῦ
1270 737 1351 791 πλέον

193 823 222 866 et
245 813 274 866 in
297 812 369 865 libro
388 811 625 865 Maccahaeorum
643 810 670 864 ii.
692 825 729 878 13.
751 823 764 879 5
786 811 934 865 Menelaus
953 809 982 863 in
1001 819 1105 864 turrem
1124 811 1237 879 plenam
1256 807 1350 862 cinere

193 883 340 937 coniectus
363 881 471 934 dicitur.
518 884 655 936 Seetmdi
683 881 772 934 Nothi
794 881 853 935 siue
877 880 958 936 Ochi.
1090 885 1156 936 316.
1183 883 1351 935 subsidens

192 953 315 1008 fortasse
339 951 536 1021 explicandum
561 970 595 1008 ex
622 954 712 1006 Maec.
735 951 762 1006 ii.
789 967 827 1020 ¹3·
851 964 864 1021 5
886 949 967 1005 Ἐστι
992 950 1020 1006 δὲ
1044 952 1072 1004 ἐν
1095 954 1131 1022 τῷ
1156 953 1227 1021 τόπῳ
1252 948 1352 1020 πύργος

193 1024 352 1091 πεντήκοντα
378 1027 468 1091 πηχῶν
487 1022 588 1092 πλήρης
612 1023 723 1076 σποδοῦ.
760 1021 834 1077 οῦτος
858 1023 886 1076 δὲ
911 1021 1021 1093 ὄργανον
1045 1017 1100 1112 εἶχε
1127 1021 1265 1091 περιφερὲς
1288 1021 1351 1074 πάν-

193 1093 270 1148 τοθεν
293 1093 456 1162 ἀπόκρημνον
479 1093 515 1147 είς
539 1095 585 1161 την
609 1093 716 1147 σποδόν.
754 1091 879 1147 Ἐνταῦθα
903 1095 948 1147 τὸν
970 1095 1117 1160 ίεροσυλιας
1140 1093 1230 1162 ἔνοχον
1254 1090 1315 1143 ὄντα
1336 1089 1351 1158 ἦ

194 1165 236 1218 καὶ
248 1185 325 1217 τινων
331 1165 425 1217 ἴτ’λλων
437 1163 566 1233 ῦπεροχίην
577 1164 747 1231 πεποιημένον
758 1164 868 1220 ἅπαντες
879 1164 1065 1232 προσωθοῦσιν
1076 1163 1112 1218 εἷς
1124 1161 1239 1233 ὄλεθρον.
1279 1163 1351 1215 Cum

194 1253 260 1290 reus
283 1233 312 1288 in
331 1233 439 1288 cineres
457 1234 583 1294 deiectus
602 1245 686 1304 esset,
705 1234 837 1288 machina
853 1235 977 1305 quadam
995 1234 1024 1288 hi
1047 1233 1240 1300 uersabantur,
1259 1233 1351 1286 donec

195 1305 407 1360 subsidentibus
426 1304 473 1374 qui
496 1304 598 1358 summi
620 1305 738 1373 fuerant,
762 1305 822 1375 ipse
844 1305 930 1360 etiam
950 1306 1066 1359 obrutus
1083 1315 1111 1358 et
1130 1304 1283 1358 suffocatus
1299 1313 1350 1357 est.

195 1377 286 1430 Viuos
301 1376 346 1430 uel
364 1375 472 1429 calidos
487 1375 596 1430 cineres
613 1376 699 1430 fuisse
716 1386 813 1430 censet
827 1378 857 1430 C.
874 1378 902 1430 L.
918 1376 1028 1431 Grimm
1047 1375 1084 1429 ad
1103 1377 1154 1429 loc.
1221 1377 1352 1428 deuoret

195 1457 295 1517 utpote
316 1446 477 1500 minutatim
499 1457 675 1516 consumpta,
695 1446 806 1500 sidente
824 1447 960 1515 paulatim
979 1463 1043 1500 cum
1066 1445 1206 1499 cineribus
1225 1461 1351 1513 corpore.

195 1522 261 1573 31‘1.
280 1520 426 1572 olitdt'era
445 1518 515 1571 Stat.
536 1517 625 1571 Theb.
640 1517 674 1570 iv.
691 1530 725 1586 50
740 1517 887 1588 olimferae
906 1519 1035 1587 Sicyom's
1055 1517 1146 1570 Culta.
1220 1518 1353 1580 Sicyone

195 1591 337 1654 profesto
357 1587 450 1642 Schol.
472 1588 610 1642 Neoclem
628 1587 696 1641 dicit
709 1604 793 1657 quem
811 1588 933 1642 eundem
950 1605 984 1641 ac
1001 1587 1149 1640 Nicoclem
1161 1584 1247 1639 fuisse
1265 1585 1352 1654 liquet

196 1678 231 1713 ex
257 1659 346 1713 Suida
370 1675 431 1712 s.u.
456 1659 622 1727 Φιλοποίμην.
675 1658 731 1712 Hic
756 1675 820 1712 cum
848 1658 976 1727 Sicyonis
1001 1657 1180 1727 tyrannidem
1205 1656 1352 1710 interfecto

197 1733 291 1785 Pasea
305 1738 481 1799 occupasset,
501 1729 537 1783 ab
556 1731 645 1783 Arato
665 1739 779 1783 coactus
798 1738 842 1783 est
860 1747 910 1798 per
929 1728 1072 1783 cuniculos
1091 1745 1125 1781 ex
1142 1727 1211 1781 urbe
1229 1727 1352 1794 effugere

197 1813 254 1860 lie.
277 1813 361 1868 ²5²·¹
387 1800 539 1867 (Freeman
559 1799 635 1854 Hist.
654 1801 687 1853 of
702 1800 822 1854 Federal
841 1802 1033 1853 Govemment
1055 1816 1081 1868 p.
1102 1798 1162 1866 360,
1183 1798 1253 1851 Plut.
1273 1798 1351 1850 Atat.

197 1872 270 1941 3-9).
310 1873 381 1924 Cum
400 1887 468 1924 uero
486 1869 556 1923 nihil
575 1870 611 1924 de
632 1869 715 1924 huius
740 1872 948 1938 mortetradat
972 1869 1146 1937 Plutarchus,
1169 1868 1220 1922 sed
1241 1876 1352 1922 tantum

198 1943 316 1996 domum
341 1941 429 2010 ipsius
454 1941 608 2008 incensam,
633 1950 815 2009 tyrannorum
839 1959 885 1994 res
910 1941 938 1994 in
961 1957 1111 1994 commune
1139 1938 1267 2007 cessisse,
1293 1955 1352 1992 sus·

196 2013 278 2084 picor
303 2011 516 2080 intelligendum
541 2029 604 2066 esse
629 2021 677 2066 aut
704 2011 743 2080 (ι)
766 2012 962 2102 Νιορίινοιιιτιι
986 2012 1154 2081 tragoedum
1179 2008 1352 2078 Sicyonium,

197 2100 284 2153 quem
307 2083 410 2137 Suidas
436 2082 522 2136 tradit
546 2082 726 2153 παιδαγωγοὺς
751 2085 792 2135 καὶ
813 2089 917 2136 οικετῶν
939 2083 1056 2146 βάσανον
1077 2081 1228 2147 inuenisse,
1252 2079 1354 2133 famili·

198 2171 277 2208 arem
302 2163 398 2207 autem
422 2152 574 2207 Alexandri
601 2154 638 2206 ab
659 2170 694 2207 eo
718 2170 775 2207 una
800 2171 863 2206 cum
888 2153 981 2207 amico
1007 2153 1179 2207 Callisthene
1205 2150 1352 2205 tormentis

197 2225 400 2293 interemptum
423 2224 517 2294 luisse.
557 2226 642 2277 Hunc
666 2223 742 2278 idem
769 2224 870 2279 Suidas
893 2242 913 2278 s.
934 2241 959 2278 u.
986 2222 1165 2290 Καλλισθένης
1191 2223 1354 2275 Nearchum

198 2296 331 2365 appellat.
370 2293 414 2348 ibi
432 2311 504 2364 quae
523 2294 559 2348 de
576 2294 749 2349 Callisthene
767 2295 853 2349 habet
872 2295 948 2349 Suid.
970 2294 1018 2348 ὑπὸ
1036 2294 1151 2362 φθειρῶν
1168 2291 1354 2362 ὑπερβλύσεως

198 2369 239 2418 καὶ
258 2366 408 2434 ἐκβράσεσι
426 2369 470 2418 τὸν
487 2367 546 2425 βίον
564 2365 746 2434 καταστρέφει,
758 2366 831 2419 bene
850 2365 879 2418 in
895 2375 1016 2419 mortem
1029 2364 1168 2434 quadrant
1180 2365 1307 2428 argoris
1320 2378 1354 2416 ac

198 2440 303 2504 tamis,
328 2437 441 2506 qualem
466 2435 600 2490 describit
623 2435 751 2490 Ouidius.
789 2446 837 2490 aut
857 2435 896 2504 (2)
922 2436 998 2505 quod
1022 2444 1099 2489 ratus
1123 2443 1166 2488 est
1192 2433 1353 2487 Ludouicus

201 2507 358 2576 Campbelh
380 2507 548 2565 Adrastum,
586 2505 633 2577 qui
656 2507 778 2575 Sicyone
803 2507 976 2572 ἐμβασιλεοεν
997 2507 1028 2560 11.
1049 2505 1075 2559 ii.
1098 2517 1146 2573 572
1169 2503 1264 2573 ibique
1282 2513 1354 2557 tam-

199 2595 286 2648 quam
299 2578 383 2631 heros
394 2577 538 2631 colebatur
552 2577 657 2631 Herod.
670 2595 694 2631 v.
704 2578 747 2644 67.
769 2577 854 2632 Cuius
868 2576 1020 2631 infortunia
1033 2575 1136 2646 (πάθεα)
1150 2592 1214 2628 cum
1229 2573 1353 2641 Sicyonii

200 2647 316 2717 tragicis
329 2648 422 2701 choris
440 2648 598 2702 celebrasse
611 2648 741 2703 dieantur
753 2649 790 2702 ab
807 2649 909 2702 eodem
924 2648 1072 2701 Herodoto
1084 2646 1119 2700 vi.
1135 2647 1169 2712 8.,
1182 2645 1215 2698 cs.
1232 2644 1352 2698 Bentleii

201 2719 323 2773 Dissert.
343 2719 379 2772 de
393 2720 471 2772 Phal.
485 2736 531 2788 pp.
546 2734 606 2786 332,
620 2734 680 2787 339,
693 2719 737 2773 ed.
753 2722 843 2788 Dyce,
860 2719 960 2773 merito
979 2736 1044 2772 cum
1061 2716 1190 2786 Sicyonis
1209 2715 1353 2770 mentione

201 2789 432 2858 coniungendum
457 2801 517 2843 erat
541 2789 571 2842 id
596 2791 672 2860 quod
697 2789 726 2843 in
751 2790 795 2843 his
819 2789 912 2843 choris
937 2806 995 2842 non
1019 2788 1168 2842 minimum
1193 2786 1270 2840 dictu
1295 2785 1354 2854 fuit,

200 2877 277 2914 mors
300 2859 422 2914 Adrasti.
465 2862 511 2914 De
533 2877 589 2930 qua
610 2861 766 2914 Pausanias
788 2860 828 2914 sic
849 2861 935 2915 tradit
957 2859 973 2913 i.
994 2875 1028 2928 43
1051 2857 1119 2913 αίτια
1138 2860 1162 2910 ot
1179 2861 1226 2911 τοῦ
1245 2857 1355 2910 θανάτου

200 2935 282 3001 γῆρας
300 2933 341 2983 καὶ
359 2931 404 2997 τὴν
422 2929 563 3000 Αἰγιαλέως
581 2931 704 3001 γενέσθω
722 2931 859 2999 τελευτὴντ
887 2932 921 2986 cl.
941 2933 1013 2986 Stat.
1031 2930 1119 2984 Theb.
1134 2927 1189 2983 viii.
1204 2928 1255 2982 262
1273 2943 1358 2998 aeger

200 3004 286 3055 sento.
325 3001 443 3071 Propius
462 3011 558 3056 tamen
577 3001 615 3056 ad
633 3012 754 3056 mortem
772 3002 883 3056 accedit
893 3003 1020 3073 frigoris
1031 3001 1179 3071 famisque
1196 2998 1287 3070 qualis
1309 2998 1356 3052 hic

202 3057 378 3140 describitur,
400 3072 518 3126 historia
541 3072 679 3126 Demetrii
703 3072 875 3142 Poliorcetis,
896 3091 952 3144 quo
970 3072 1065 3127 Ouidii
1085 3071 1227 3126 distichon
1247 3069 1354 3140 primus

201 3143 343 3198 reuocaui.
382 3144 459 3197 Nam
480 3143 520 3211 (3)
538 3143 702 3198 Demetrius
722 3145 871 3199 Σικυωνίους
890 3146 994 3199 ἔπεισεν
1013 3142 1043 3197 οῦ
1062 3148 1107 3196 νῦν
1125 3143 1225 3196 οἰκοῦσι
1244 3141 1356 3210 μετοικί-

202 3213 311 3267 σασθαι·
337 3213 374 3284 τῷ
396 3214 424 3266 δὲ
443 3216 515 3284 τόπῳ
536 3215 576 3267 καὶ
595 3217 706 3283 τοῦνομα
726 3215 772 3282 τὴν
792 3217 869 3269 πόλιν
885 3217 1141 3284 συμμεταβαλοῦσαν
1158 3213 1214 3266 ἀντὶ
1234 3216 1357 3266 Σικυῶνος

107 3293 110 3302 ’
203 3285 370 3352 Δημητριάδα
393 3287 615 3354 προσηγόρευσεν.
662 3286 746 3354 (Plut.
770 3287 853 3340 Dem.
875 3285 929 3354 25.)
971 3288 1071 3356 Itaque
1092 3302 1112 3340 a
1134 3288 1265 3350 Sicyone
1285 3299 1357 3347 pro·

202 3359 285 3410 fecto
301 3356 329 3408 h.
339 3373 362 3410 e.
379 3372 397 3408 a
415 3355 599 3410 Demetriade
616 3356 696 3426 quasi
713 3373 764 3426 per
780 3357 912 3426 aenigma
928 3374 1033 3411 nomen
1050 3356 1102 3410 uiri
1119 3356 1253 3410 declarat.
1289 3356 1356 3407 Nou

204 3427 297 3480 minus
316 3425 435 3480 illustrat
454 3427 573 3480 alterum
592 3444 617 3481 u.
638 3426 751 3481 distichi
772 3431 820 3482 sit
836 3431 937 3493 firgus
955 3431 1067 3483 mortis
1085 3443 1180 3481 eausa
1197 3429 1357 3489 famesque

203 3503 277 3552 tuae
296 3513 417 3567 sequens
435 3497 554 3550 historia
573 3497 720 3567 Demetrii,
739 3508 890 3568 postquam
909 3516 926 3552 a
943 3515 1031 3566 regno
1052 3498 1243 3551 Macedonum
1260 3498 1357 3566 pulsus

203 3568 308 3636 μορφὴν
325 3568 439 3638 ἀμείψας
457 3569 487 3620 έκ
504 3569 564 3621 θεοῦ
579 3569 723 3638 βροτησίαν
739 3569 768 3622 in
780 3569 880 3622 Asiam
898 3568 1029 3638 profugit,
1048 3567 1142 3637 ibique
1161 3578 1260 3621 contra
1279 3565 1358 3635 Lysi-

204 3640 338 3693 machum
360 3655 394 3692 ac
413 3639 563 3693 Seleucum
582 3655 646 3693 cum
665 3639 788 3694 exercitu
809 3639 978 3708 belligerans
1000 3637 1095 3692 multis
1115 3638 1260 3692 mensibus
1281 3638 1357 3691 same

205 3727 239 3764 ac
265 3709 376 3778 frigore,
405 3720 550 3779 postremo
578 3710 665 3764 etiam
692 3711 792 3763 morbo
816 3709 993 3763 conflictatus
1022 3718 1072 3763 est.
1118 3709 1189 3763 Plut.
1215 3710 1300 3762 Dem.
1322 3707 1358 3773 46

203 3778 389 3848 Ἐπισιτισμοῦ
410 3781 439 3833 δὲ
460 3782 501 3834 καὶ
519 3786 655 3850 προνομῶν
675 3781 822 3850 εἰργόμενος
843 3778 971 3850 ἠπορεῖτο.
1008 3779 1060 3846 ἅμα
1081 3777 1110 3832 δὲ
1130 3780 1233 3846 μᾶλλον
1251 3781 1266 3830 ὁ
1284 3780 1360 3846 λιμὸς

205 3850 326 3905 ε’πέτεινε.
351 3864 385 3917 47
398 3850 480 3906 Tritos
498 3850 527 3904 δὲ
545 3853 586 3905 καὶ
604 3854 685 3905 νόσου
702 3855 738 3922 τῷ
757 3852 825 3922 λιμῷ
844 3850 1074 3920 συνεπιτιθεμένης,
1092 3851 1182 3918 ῶσπερ
1200 3846 1296 3910 εἴωθεν,
1315 3849 1358 3902 ἐπὶ

205 3924 320 3988 βρώσεις
346 3921 485 3991 ἀναγκαίας
510 3921 680 3992 τρεπομένων,
705 3921 765 3977 τοὺς
790 3923 887 3976 πάντας
913 3922 959 3975 οῦκ
987 3922 1134 3976 ε’λασσόνας
1159 3919 1359 3988 ὀκτακισχιλίων

206 3991 347 4054 ἀποβαλὼν
365 3992 457 4062 ἀνῆγεν
475 3991 559 4047 ὀπίσω
578 3993 636 4048 τοὺς
657 3991 773 4048 λοιπούς.
819 3995 888 4047 Mox
913 3993 1036 4047 adeunte
1059 3991 1153 4046 hieme
1175 4000 1289 4045 coactus
1315 3999 1358 4044 est

207 4063 357 4117 Seleucum
387 4080 487 4131 rogare
517 4073 548 4118 ut
577 4063 730 4118 exercitum
762 4081 843 4118 suum
874 4073 1044 4118 sustentaret
1075 4079 1147 4116 neue
1181 4079 1212 4116 se
1244 4061 1359 4130 inopem

206 4133 370 4204 nudumque
388 4133 517 4188 hostibus
536 4135 690 4189 obiectaret
712 4135 756 4204 (47
776 4134 835 4204 fin.)
874 4137 948 4189 Tum
970 4135 1069 4188 morbo
1090 4150 1141 4203 per
1160 4134 1187 4186 xl
1209 4132 1269 4186 dies
1292 4149 1359 4185 con·

206 4205 297 4259 lectus
323 4205 368 4272 (48
390 4204 457 4274 tin),
479 4205 517 4258 ad
535 4205 665 4260 ultimum
686 4223 785 4260 carens
807 4207 893 4260 etiam
915 4205 998 4259 unius
1020 4204 1075 4259 diei
1095 4203 1216 4272 cibariis,
1240 4203 1359 4257 Seleuco

208 4292 239 4330 se
264 4275 389 4343 tradidit,
414 4285 565 4357 postquam
589 4276 778 4331 uoluntariam
802 4287 922 4331 mortem
947 4277 1049 4330 frustra
1073 4285 1203 4344 expertus
1228 4284 1272 4329 est
1291 4272 1356 4342 (49).

209 4347 273 4400 Hos
294 4346 433 4400 Demetrii
459 4363 549 4416 casus,
570 4347 671 4415 dignos
697 4365 765 4402 sane
791 4348 837 4417 qui
862 4347 976 4416 tragicis
1000 4346 1124 4401 Menelai
1145 4345 1251 4399 Bacchi
1272 4345 1358 4399 Oedi-

209 4416 292 4486 podis
316 4418 486 4486 περιπετείαις
510 4427 740 4488 compararentur
766 4419 849 4487 (Plut.
874 4421 956 4473 Dem.
977 4430 1021 4487 45,
1040 4417 1086 4486 46)
1113 4416 1248 4471 Ouidium
1273 4416 1359 4470 credo

209 4487 250 4542 ita
274 4487 438 4542 adhibuisse
459 4497 489 4541 ut
513 4488 690 4543 Demetrium
714 4489 789 4543 fame
814 4506 848 4543 ac
872 4489 974 4557 frigore
999 4489 1116 4558 periisse
1141 4488 1279 4556 lingeret:
1305 4486 1358 4541 etsi

210 4573 309 4612 reuera
333 4557 422 4612 tribus
444 4558 526 4613 annis
551 4558 712 4629 supemixit,
733 4570 760 4616 et
785 4560 814 4614 iu
841 4560 922 4628 Syria
947 4561 1126 4614 Chersoneso
1148 4558 1276 4628 captiuus
1301 4558 1360 4611 otio
