3294 5214
280 427 349 486 xxvi
694 420 1022 484 PROLEGOMENA.

322 550 402 644 Nam
416 600 527 643 errasse
536 579 725 658 Saluagnium
740 581 809 640 dum
821 581 995 658 Cinyphiam
1009 580 1132 640 humum
1143 577 1199 660 (Ib.
1213 576 1282 658 222)
1293 577 1436 657 Libycam

281 667 492 743 interpretatur,
514 665 602 723 docet
623 682 684 722 non
706 663 802 722 solum
824 663 922 722 Ouidii
942 681 1022 732 usus,
1044 663 1096 722 sed
1116 664 1250 721 omnium
1272 669 1435 738 poetarum.

283 748 351 826 Ipse
366 747 543 806 uocabulum
557 745 655 821 posuit
668 743 754 804 Pont.
769 746 796 804 ii.
810 757 837 819 7.
851 758 887 817 25
905 743 1060 820 Ci'nyplii'ae
1072 747 1169 821 segetis
1182 746 1264 802 cilius
1277 745 1437 802 numerabis
1527 811 1532 822 Ι

281 831 404 888 harenas
417 828 539 902 Altaque
551 846 634 902 quam
648 827 743 884 multis
748 827 856 902 flereat
867 826 964 901 Hybla
978 826 1086 902 thymis,
1101 827 1151 885 ubi
1165 827 1291 902 loquitur
1305 826 1342 885 de
1357 826 1436 883 uber-

284 912 368 970 rimis
386 911 468 969 arui's
488 927 540 986 per
561 927 635 985 quae
655 907 766 984 Cinyps
788 907 895 966 decidit
914 906 998 985 (Mel.
1015 909 1033 966 i.
1051 921 1088 983 37
1104 908 1149 966 ed.
1165 907 1298 982 Parthey‚
1313 907 1349 966 ct.
1365 907 1436 983 Lyc.

285 997 344 1066 885
368 994 485 1065 Αὕσιγὸα
513 991 651 1063 Κινὺφειος
678 989 709 1060 ἣν
735 993 834 1064 τέγγων
859 988 920 1063 ῥόος
947 994 1064 1060 Νασμοῖς
1091 987 1233 1068 λιπαίνει);
1264 988 1306 1046 Μ.
1328 1007 1354 1048 v.
1380 1007 1435 1059 124

286 1074 442 1148 Cinyphius
456 1072 567 1131 Pelates
582 1071 631 1128 ubi
645 1088 714 1129 cum
729 1071 790 1129 aliis
801 1070 917 1129 Africae
936 1070 1054 1147 populis
1067 1071 1194 1144 iungitur
1207 1081 1240 1129 ut
1253 1069 1437 1129 Marmaridis

283 1173 319 1214 ac
328 1154 549 1213 Nasamonibus
560 1171 568 1224 ;
591 1151 634 1210 M.
645 1170 691 1210 xv.
706 1165 763 1228 754
775 1152 969 1227 Numidasque
983 1153 1092 1210 rebelles
1105 1151 1326 1228 Cinyphiumque
1336 1151 1437 1209 Iubam

283 1237 333 1295 ubi
348 1236 439 1294 Iubae
454 1235 567 1292 uidetur
580 1234 663 1309 regni
676 1234 765 1292 finem
781 1235 818 1291 ab
832 1234 985 1292 occidente
1000 1235 1171 1310 significare,
1186 1234 1222 1292 cf.
1238 1233 1310 1292 Luc.
1323 1253 1349 1308 9.
1366 1251 1424 1308 300
1429 1252 1437 1304 ;
1465 1259 1468 1266 ¹

284 1318 327 1378 M.
350 1330 406 1391 272
420 1315 567 1392 ¹Squamea
586 1313 724 1391 Ce'ttjlplii'i'
741 1317 830 1373 teuui's
851 1315 1009 1373 membrana
1028 1316 1158 1389 chelydri,
1179 1333 1249 1373 nam
1269 1315 1439 1373 abundabat

285 1399 468 1476 serpentibus
491 1397 613 1474 Cinypis
640 1397 722 1472 regio
745 1398 825 1456 unde
848 1396 986 1455 Lucanus
1010 1397 1046 1454 ix.
1073 1401 1129 1471 787
1156 1396 1192 1456 de
1218 1415 1288 1473 sepe
1312 1396 1437 1472 loquens

287 1480 441 1557 Cinyphias
462 1481 534 1536 inter
548 1486 637 1553 pestes
657 1478 712 1536 ti'bi
724 1480 820 1553 palma
842 1479 959 1536 nocendi.
1001 1478 1109 1536 Hi'rcos
1127 1477 1278 1555 Ci'uyplii'us
1291 1477 1438 1554 Vergilius

285 1562 323 1622 G.
337 1563 374 1620 iii.
397 1581 465 1636 312,
484 1560 570 1618 Silius
588 1561 626 1618 iii.
647 1562 713 1634 276,
735 1559 876 1618 Martialis
895 1561 949 1617 viii.
972 1574 1018 1633 51.
1041 1578 1086 1630 11,
1106 1560 1162 1618 xiv.
1181 1579 1246 1631 140.
1268 1578 1293 1630 2,
1316 1561 1439 1634 scriptor

284 1642 510 1722 Epigrammatis
524 1641 615 1700 Anth.
630 1641 663 1699 L.
683 1644 759 1713 186;
791 1639 947 1716 Cinyphias
961 1642 1080 1716 paludes
1098 1651 1130 1699 ut
1146 1642 1249 1717 optimi
1263 1641 1312 1699 lini
1327 1640 1438 1700 feraces

277 1724 405 1786 'Gratius
425 1723 499 1800 Cyn.
516 1742 553 1797 34
576 1733 795 1782 commemorat.
843 1723 901 1782 Sed
921 1723 1039 1798 grauior
1059 1725 1140 1782 testis
1160 1723 1247 1782 nobis
1270 1722 1355 1782 Silius
1377 1722 1439 1792 erit,

286 1807 420 1867 locorum
435 1805 670 1881 diligentissimus
684 1814 832 1864 enarrator
846 1803 917 1862 Puri.
933 1805 960 1862 ii.
977 1818 1014 1881 59

468 1885 602 1944 Ammona
622 1887 668 1943 lii'c
683 1888 796 1962 gemtus
815 1885 1006 1961 Pioreyuuias
1026 1894 1111 1944 antra
1131 1885 1268 1945 Medusae

374 1965 378 1968 ’
472 1967 692 2043 Ci'riyplu'umque
711 1965 824 2038 Mareu,
845 1974 871 2024 et
889 1971 1016 2043 iniquae
1037 1971 1091 2027 sole
1110 1969 1224 2027 calentes

470 2048 622 2107 Battiadas
643 2050 696 2106 late
716 2051 830 2124 i'mperi'a
849 2051 1011 2124 sceptrisque
1032 2050 1149 2127 regebat.

286 2143 316 2192 et
329 2133 366 2191 iii.
383 2143 439 2206 275
674 2129 811 2205 Ciuyplri'i'
827 2131 945 2189 dedicere
964 2129 1068 2190 Macae
1237 2197 1240 2204 ¹

287 2215 337 2292 qui
364 2212 510 2288 Cinypem
535 2210 638 2283 Macis,
667 2212 779 2289 populo
808 2212 935 2287 regionis
960 2212 1087 2288 Syrticae
1110 2211 1235 2294 (Herod.
1256 2214 1292 2273 iv.
1319 2225 1383 2287 175,
1407 2210 1439 2291 6)

287 2296 430 2370 adsignat,
440 2293 565 2371 facitque
575 2293 732 2368 Cyrenaeis
744 2291 969 2356 conterminos*
992 2294 1068 2354 Vide
1080 2295 1235 2355 Cellarium
1246 2296 1284 2354 ad
1296 2295 1380 2354 Silii.
1391 2309 1439 2369 59.

329 2377 378 2435 An
393 2375 473 2434 aliter
487 2394 533 2433 res
547 2374 698 2433 odoranda
712 2385 762 2446 est,
778 2375 815 2434 ad
834 2375 912 2433 aliud
929 2375 1100 2435 deducimur
1117 2377 1230 2436 cubile?
1266 2377 1344 2435 Nam
1360 2376 1440 2454 quod

287 2459 375 2518 habet
396 2457 551 2516 scholiasta
572 2456 603 2514 P
623 2457 661 2515 ad
685 2475 741 2514 222
764 2459 811 2516 uel
832 2458 900 2532 qui'a
923 2464 1007 2515 uatus
1030 2465 1071 2516 est
1092 2461 1123 2516 i'u
1145 2461 1206 2534 ipsa
1230 2458 1371 2534 Ce'uyplii'a
1394 2458 1443 2515 ubi

258 2571 263 2580 ·
287 2541 433 2600 abuudaut
444 2541 523 2597 hirci
534 2539 574 2597 ita
587 2547 683 2614 potest
696 2557 799 2596 uerum
813 2557 876 2597 esse
890 2548 922 2596 ut
938 2538 1107 2614 Cimplei'am
1122 2540 1235 2599 humum
1249 2559 1312 2598 non
1326 2541 1363 2598 de
1377 2540 1441 2615 ipsa
1538 2555 1540 2572 ¹

288 2623 408 2698 regione
423 2620 543 2698 Cinypis
562 2620 764 2696 interpreteris,
780 2638 876 2696 neque
890 2638 960 2679 uero
974 2631 1123 2698 tamquam
1137 2621 1248 2698 Libyca
1262 2631 1376 2679 tantum
1396 2622 1439 2692 sit,

289 2705 342 2762 sed
363 2712 395 2761 ut
416 2703 452 2760 de
473 2703 593 2778 regione
614 2701 724 2760 dictum
744 2711 828 2778 putes
849 2720 925 2777 quae
945 2700 1031 2761 hircis
1051 2702 1227 2762 abundabat.
1277 2702 1358 2761 Talis
1380 2711 1441 2761 erat

290 2785 424 2853 Mendes,
439 2784 508 2841 urbs
522 2783 658 2858 Aegypti,
673 2783 737 2839 ὅπου
758 2786 803 2839 τὸν
817 2788 889 2838 Πᾶνα
909 2791 1003 2855 τιμῶσι
1024 2788 1064 2840 καὶ
1084 2792 1135 2840 τῶν
1151 2789 1221 2854 ζώων
1237 2789 1331 2859 τράγον
1346 2784 1440 2842 Strab.

291 2871 359 2936 802,
375 2865 425 2923 ubi
439 2882 539 2923 uersus
553 2863 670 2922 Pindari
684 2863 718 2922 fr.
733 2878 790 2938 215
806 2865 881 2934 citat,
897 2864 932 2922 cl.
946 2865 1058 2924 Herod.
1070 2866 1097 2924 ii.
1110 2885 1157 2938 42,
1171 2869 1219 2938 46.
1263 2865 1322 2924 Sed
1336 2875 1365 2925 et
1379 2867 1441 2942 ipse

288 2948 385 3006 hircus
398 2947 503 3004 meudes
516 2945 727 3021 Aegyptiorum
742 2944 841 3021 lingua
855 2948 1014 3005 uocabatur
1028 2947 1153 3025 (Herod.
1169 2950 1187 3006 1.
1198 2947 1245 3025 c).
1281 2947 1346 3006 Nec
1361 2948 1442 3006 deest

290 3030 380 3092 homo
401 3025 599 3092 †Mendesius
620 3027 747 3103 aequalis
769 3026 885 3098 Ouidio,
906 3029 1037 3103 potentia
1057 3029 1230 3105 praecipuus
1252 3038 1281 3088 et
1302 3029 1351 3106 qui
1372 3047 1441 3086 eum

290 3119 419 3170 euertere
433 3118 540 3184 posset.
574 3106 758 3184 Thrasyllum
775 3108 848 3179 dico,
861 3109 1039 3185 astrologum
1054 3129 1209 3181 summum,
1221 3128 1309 3188 quem
1323 3120 1443 3187 propter

289 3191 421 3269 peritiam
439 3189 654 3249 Chaldaeorum
674 3190 741 3247 artis
760 3190 901 3262 Tiberine,
916 3209 953 3248 ex
974 3210 1033 3267 quo
1056 3193 1207 3251 scientiam
1228 3193 1289 3251 eius
1306 3203 1442 3268 expertus

289 3283 351 3332 erat
372 3271 480 3342 Rhodi,
502 3287 562 3348 quo
586 3267 680 3344 748l6
704 3289 741 3328 ex
762 3270 843 3330 Vrbe
864 3283 1029 3341 secesserat,
1049 3273 1124 3331 inter
1144 3275 1260 3332 intimos
1282 3274 1443 3332 amicorum

289 3354 409 3414 tenebat
423 3351 509 3432 (Tac.
524 3353 601 3410 Ann.
617 3351 652 3410 vi.
669 3349 729 3430 2ο).
771 3351 877 3411 Narrat
896 3354 934 3411 ibi
949 3355 1069 3413 Tacitus
1085 3355 1235 3413 Tiberium
1254 3356 1443 3431 praecipitare

291 3453 359 3496 eum
373 3435 408 3492 in
417 3435 538 3511 pelagus
553 3431 719 3504 destinasse,
736 3433 790 3491 nisi
806 3435 975 3511 Thrasyllus
990 3437 1178 3513 iuterrogatus
1191 3457 1230 3494 au
1243 3455 1323 3495 suam
1341 3455 1444 3512 quaque

286 3517 434 3596 genitalem
455 3517 553 3573 laram
573 3509 750 3590 campe'ri'sset,
773 3533 840 3572 cum
860 3518 966 3592 positus
987 3518 1110 3575 siderum
1134 3537 1167 3575 ae
1190 3520 1282 3594 spatia
1306 3519 1444 3576 demensus
1493 3541 1495 3548 ¹

290 3607 375 3670 esset,
392 3597 584 3656 exclamasset
604 3596 762 3672 ambiguum
782 3597 842 3655 sibi
859 3617 893 3656 ac
907 3608 992 3674 prope
1012 3601 1139 3657 ultimum
1160 3601 1308 3658 discrimen
1329 3601 1443 3659 instare.

325 3773 341 3808 *
357 3773 413 3819 Non
427 3787 466 3819 me
483 3771 542 3836 fugit
556 3771 670 3834 Mauram
686 3787 700 3818 a
715 3771 795 3820 quen.
808 3773 839 3819 vi.
852 3770 907 3832 308,
920 3786 944 3820 x.
959 3784 1006 3835 224
1022 3772 1077 3833 poni
1095 3779 1216 3832 tamquam
1233 3773 1358 3834 turpissimi
1375 3775 1444 3821 scorti

292 3839 433 3898 exemplum,
444 3839 519 3885 uerbis
536 3847 589 3884 utor
605 3837 737 3884 Buecheleri
754 3837 839 3886 Rhein.
852 3839 913 3886 Mus.
926 3852 996 3884 xxxv.
1010 3847 1065 3901 397,
1079 3840 1142 3884 cuius
1159 3847 1304 3900 contemptus
1320 3841 1445 3899 primordia

293 3905 317 3950 in
329 3905 428 3964 Priapeis
439 3905 486 3953 xlv.
497 3904 584 3964 Ι2,,2121,
596 3916 606 3949 1
619 3904 681 3950 idem
693 3903 843 3950 Buechelerus
855 3904 952 3950 notauit.
981 3903 1063 3964 Neque
1075 3904 1127 3950 ideo
1139 3914 1217 3950 tamen
1230 3905 1363 3950 crediderim
1377 3907 1445 3965 Ciny·

291 3968 373 4030 pluium
384 3969 422 4015 hic
434 3978 532 4016 matrem
546 3969 615 4015 Ibidis
627 3977 747 4030 tamquam
758 3969 873 4014 Maurum
884 3967 907 4015 h.
918 3983 938 4016 e.
950 3969 1064 4014 sordidam
1076 3969 1153 4028 lupam
1166 3971 1302 4029 appellatam
1312 3971 1341 4016 ab
1350 3970 1445 4018 Ouidio.

327 4035 345 4091 †
362 4035 421 4083 Plut.
439 4035 467 4081 de
486 4035 570 4081 Flauiis
587 4035 618 4082 xi.
657 4036 712 4082 Non
730 4034 782 4080 satis
799 4048 880 4080 causae
896 4033 965 4079 uideo
980 4049 1020 4080 cur
1036 4034 1107 4080 aliurn
1123 4035 1185 4082 hunc
1202 4035 1322 4082 Clintonus
1339 4038 1445 4083 statuerit

294 4098 321 4148 F.
334 4100 365 4146 H.
377 4100 408 4147 iii.
425 4114 448 4160 p.
461 4112 524 4162 555:
541 4115 614 4160 neque
625 4115 681 4146 uero
692 4099 776 4146 Seuino
788 4099 898 4145 assentior
913 4099 1015 4158 opinanti
1027 4099 1149 4147 Phliasium
1165 4101 1229 4146 illum
1241 4100 1390 4162 Thrasyllum
1408 4117 1446 4163 ap.

294 4165 355 4213 Plut.
375 4164 403 4211 de
415 4165 484 4212 Mus.
501 4165 541 4211 xxi
562 4167 702 4229 astrologum
721 4165 789 4219 hunc,
806 4163 893 4211 Tiberii
912 4172 935 4210 et
953 4165 1030 4211 Ouidii
1049 4166 1175 4226 aequalem,
1196 4166 1271 4214 hiisse.
1304 4167 1397 4227 Scripsit
1416 4169 1447 4214 de

294 4231 386 4276 Musica
398 4229 531 4290 Thrasyllus
542 4230 667 4277 Phliasius:
684 4231 738 4290 quid
755 4229 809 4276 huic
825 4243 877 4276 cuin
895 4230 1037 4292 astrologia?
1071 4232 1157 4277 Contra
1169 4231 1289 4278 Mendesio
1301 4241 1381 4292 aptum
1392 4234 1447 4280 scri·

294 4297 348 4342 bere
358 4295 515 4358 Aegyptiaci:
532 4310 606 4356 neque
617 4297 666 4342 eius
676 4295 745 4342 fidem
757 4295 846 4342 uidetur
858 4295 947 4342 eleuare
954 4296 1080 4342 Muellerus
1091 4296 1131 4356 qui
1143 4297 1271 4360 fragmenta
1282 4298 1375 4361 collegit
1386 4300 1446 4347 Hist.

289 4362 421 4408 Gracchi.
438 4375 476 4421 pp.
489 4371 610 4422 501-504.
644 4361 702 4408 Vide
714 4359 858 4407 Recherches
874 4375 910 4406 sur
927 4360 949 4407 la
960 4361 998 4408 vie
1014 4370 1038 4408 et
1054 4361 1086 4408 les
1103 4377 1216 4424 ouvrages
1233 4363 1263 4410 de
1273 4361 1394 4423 Thrasylle
1405 4378 1447 4425 par

290 4427 332 4473 M.
344 4422 427 4472 l'Abbt
439 4426 505 4472 Sevin
518 4427 541 4472 iu
552 4427 597 4473 vol.
607 4441 622 4472 x
634 4426 673 4472 des
685 4427 810 4473 Memoires
826 4427 854 4472 de
866 4426 1002 4474 Litterature
1014 4427 1071 4474 tirez
1087 4427 1125 4474 des
1138 4427 1255 4491 Registres
1266 4428 1295 4474 de
1306 4427 1447 4478 l'Academie

294 4491 384 4554 Royele
397 4491 435 4538 des
447 4490 595 4552 inscriptions
606 4499 630 4539 et
641 4491 714 4538 Belles
726 4492 815 4540 Lettres
827 4489 923 4553 (1736).
