3312 5200
288 450 326 507 94
769 448 951 510 SCHOLIA

288 607 359 750 (ἕπῃ
374 608 519 685 quosdam
540 612 571 670 in
591 611 669 670 bello
687 609 843 671 Thebano.

318 733 725 851 ‘549.thueSyracosio.
747 773 844 834 *Tho
927 772 1092 838 *Tedtcust
1113 785 1201 851 poeta
1222 774 1346 852 quiade
1369 773 1444 834 Ioue

290 854 400 914 odorus
415 853 606 915 siracusanus
627 866 714 932 poeta
728 856 781 915 suit
794 857 845 933 qui
885 857 993 932 probra
1021 857 1092 923 dixit
1127 856 1219 915 factus
1254 857 1374 915 insanus
1410 875 1443 915 se

289 937 365 995 male
385 937 499 996 locutus
521 937 558 996 de
577 938 651 997 Ioue
670 938 717 996 uel
737 937 843 1010 Diana,
885 939 981 1015 ipsum
1007 941 1127 1014 proprio
1146 956 1236 997 manu
1256 939 1361 1016 laqueo
1379 956 1443 997 sus-

290 1017 365 1076 adeo
380 1019 517 1159 inpanppit
531 1020 612 1097 quod
626 1037 657 1078 se
671 1020 768 1100 ipsum
782 1037 844 1079 sus·
886 1018 1012 1097 pendit*
1056 1019 1121 1080 Cet
1132 1019 1202 1080 Ask.

290 1101 399 1176 pendit.
491 1145 497 1157 .

332 1176 381 1261 [id
403 1191 447 1241 est
461 1180 620 1241 Theocrito
644 1181 797 1259 Syracusio
819 1191 933 1260 poetae,
948 1182 1006 1257 qui,
1022 1200 1089 1240 curn
1112 1183 1142 1240 in
1164 1181 1304 1242 Hieronis
1325 1183 1444 1257 tyranni

291 1263 382 1322 filium
397 1263 529 1323 inuectus
543 1272 629 1333 esset,
640 1267 677 1322 ab
691 1282 728 1323 eo
743 1264 810 1322 ideo
825 1274 870 1322 est
884 1265 949 1339 capi
963 1265 1068 1335 iussus,
1083 1275 1114 1322 ut
1129 1282 1197 1322 eum
1212 1265 1250 1323 ad
1265 1265 1443 1340 supplicium

290 1345 364 1403 trahi
382 1345 537 1404 simularet.
578 1345 770 1422 interrogatus
792 1346 815 1404 sl
833 1345 972 1422 deinceps
993 1364 1011 1404 a
1030 1346 1190 1406 maledictis
1212 1346 1369 1416 desisteret,
1393 1346 1443 1405 ille

291 1444 328 1484 eo
351 1427 444 1485 acrius
468 1427 556 1485 etiam
578 1427 639 1502 regi
664 1427 718 1504 ipsi
743 1427 915 1486 maledicere
941 1428 1048 1503 coepit,
1073 1445 1163 1504 quare
1191 1427 1359 1503 indignatus
1379 1446 1444 1486 non

291 1509 349 1566 iam
373 1507 409 1567 ad
431 1508 605 1578 simulatum,
628 1509 680 1567 sed
701 1509 739 1567 ad
766 1519 877 1568 certum
905 1509 1079 1585 supplicium
1101 1511 1164 1586 rapi
1190 1509 1290 1568 iussit:
1322 1509 1444 1584 quidam

291 1589 395 1666 laqueo
425 1589 641 1665 strangulatum,
667 1590 787 1668 quidam
815 1591 909 1668 capite
933 1608 1053 1650 caesum
1077 1591 1241 1668 prodidere.
1285 1590 1351 1651 Cod.
1373 1589 1443 1650 Sal·

291 1691 402 1748 uognu.

333 1667 521 1833 [Theheritus
535 1762 622 1829 poeta
636 1753 845 1823 Bucolicorum,
860 1763 891 1813 ut
905 1753 988 1811 multi
1003 1753 1106 1824 lerunt,
1121 1763 1270 1812 truncatus
1287 1762 1332 1811 est
1346 1754 1443 1830 eapite

291 1834 372 1910 quod
387 1835 472 1893 dicax
493 1851 555 1892 non
576 1845 689 1893 tantum
709 1835 740 1893 in
760 1834 895 1911 uulgares
912 1835 965 1894 sed
981 1845 1011 1894 et
1029 1835 1060 1892 in
1078 1836 1224 1912 principes
1239 1834 1332 1893 fuerit.
1375 1844 1444 1894 sunt

291 1917 342 1991 qui
357 1915 455 1974 dicant
467 1934 560 1991 quom
574 1915 612 1974 ad
630 1935 698 1975 eum
717 1917 810 1975 locum
824 1917 966 1975 deductus
984 1917 1084 1974 luisset
1103 1917 1153 1974 ubi
1173 1917 1348 1975 truncandus
1370 1926 1442 1988 erat,

291 2011 401 2072 pauore
425 1996 592 2073 perculsum
619 2016 687 2056 eum
715 1999 862 2057 interiisse.
906 1997 1029 2057 Ouidius
1051 2008 1150 2057 tamen
1172 1998 1220 2056 hic
1245 2017 1312 2056 eum
1334 1998 1443 2073 laqueo

291 2079 507 2155 apprehensum
523 2078 663 2139 interiisse
677 2080 768 2138 uideri
782 2079 852 2138 uult.
897 2078 964 2139 Cod.
981 2082 1018 2154 3⁶
1034 2078 1194 2139 Somz'norr'z'
1208 2074 1375 2159 Patauina]

334 2174 402 2234 551.
423 2159 567 2221 Nudaue
584 2160 726 2238 direpta.
763 2161 842 2219 Mar·
925 2159 1066 2220 Marsiam
1084 2161 1227 2237 significat
1247 2160 1371 2219 Satirum
1390 2161 1442 2236 qui

291 2241 334 2300 sia
356 2241 464 2300 Satirus
485 2242 604 2300 inuenta
628 2243 698 2301 tibia
718 2243 843 2302 Palladis
884 2242 922 2302 ab
949 2243 1089 2318 Apolline
1123 2243 1288 2302 excoriatus
1323 2253 1376 2313 est,
1410 2253 1444 2300 ut

290 2323 419 2399 Apollini
444 2341 475 2381 se
496 2325 712 2399 aequiperauit;
741 2343 758 2382 a
783 2342 843 2401 quo
884 2323 994 2382 dictum
1009 2337 1053 2382 est
1067 2342 1155 2400 supra
1168 2321 1234 2404 [ibi]
1246 2323 1345 2382 Mens
1359 2341 1443 2400 quo-

291 2409 384 2463 uietus
404 2406 567 2464 excoriatus
584 2417 628 2465 est
644 2416 674 2464 et
690 2405 844 2465 indumen
885 2424 959 2482 que,
975 2405 1026 2464 sed
1043 2406 1100 2464 illic
1120 2407 1273 2482 propritim
1293 2405 1330 2464 de
1352 2405 1443 2463 animi

289 2487 334 2546 sui
349 2488 477 2546 nominis
492 2496 627 2546 mutatus.
669 2486 707 2546 G.
886 2489 1032 2563 passione,
1043 2488 1090 2546 hic
1101 2487 1137 2546 de
1150 2487 1280 2563 corporis
1294 2488 1441 2564 passione.

888 2567 1036 2628 Getasa.
1457 2575 1458 2578 ’

333 2665 401 2724 553.
424 2649 739 2710 Saxificaeuideas.
775 2649 844 2708 Per·
886 2681 888 2684 ·

291 2750 368 2804 scus,
383 2731 498 2790 rediens
513 2734 550 2790 ab
564 2731 764 2791 interlectione
779 2731 844 2790 Me-

289 2815 386 2882 duseS,
421 2813 565 2872 Phineum
604 2822 633 2872 et
663 2814 771 2872 multos
807 2813 844 2872 tie

290 2895 401 2971 populo
436 2898 493 2954 ozias
529 2896 560 2953 in
594 2895 665 2953 saxa
703 2897 844 2955 conuertit

290 2987 410 3035 ostenso
424 2977 466 3035 eis
480 2977 574 3052 capite
589 2976 747 3052 Gorgonis.
773 2976 844 3038 Oul-

291 3059 356 3118 dius
370 3057 431 3136 (M.
454 3058 483 3116 V.
502 3072 558 3132 157
573 3056 652 3136 φφ).
699 3057 733 3117 C.

208 3139 213 3150 ”
333 3154 401 3213 554.
423 3139 623 3215 Cephenum
637 3140 772 3199 multos.
815 3140 893 3217 Quia
908 3141 1045 3200 uolebant
1060 3139 1166 3200 Persea
1180 3140 1323 3201 occidere.
1361 3140 1398 3201 G.

301 3298 303 3300 Ι
333 3233 401 3294 555.
444 3220 649 3280 Potniadum
700 3239 843 3281 morsus
926 3222 1054 3282 Glaucus
1088 3224 1264 3300 despiciebat
1299 3223 1441 3283 sacrificia

291 3301 376 3360 Vnus
387 3299 729 3374 GlaucuslestaVeneris
739 3304 843 3363 nolens
883 3303 1017 3376 Veneris,
1039 3305 1114 3363 vnde
1136 3305 1183 3363 illa
1203 3305 1274 3364 irata
1288 3305 1441 3364 Potniades

289 3383 445 3454 celebrare,
473 3385 511 3441 ab
535 3387 665 3460 equabus
687 3384 843 3445 deuoratus
883 3404 973 3463 equas
988 3405 1006 3445 a
1024 3385 1090 3445 loco
1108 3387 1149 3445 sic
1164 3387 1256 3447 dictas
1271 3405 1343 3462 quas
1358 3388 1440 3463 equi·

290 3475 343 3535 est,
357 3483 432 3542 quae
449 3474 515 3524 sunt
534 3466 669 3524 animalia
687 3467 843 3539 luxuriosa,
885 3469 965 3527 tabat
992 3469 1023 3526 in
1051 3486 1118 3526 eum
1148 3469 1298 3527 conuertit.
1341 3470 1440 3544 itaque

290 3565 365 3688 ppae
381 3547 473 3606 dictae
489 3546 721 3606 suntPotm'ader
734 3566 751 3606 a
765 3549 841 3608 loco.
883 3559 978 3608 toturn
992 3549 1090 3627 ipsum
1104 3549 1341 3610 dilacerauerunt.
1375 3549 1403 3610 C
1415 3556 1443 3608 et
1516 3587 1519 3592 -

323 3672 331 3686 .
883 3631 953 3690 Asa.

333 3712 401 3785 556.
432 3710 540 3788 Inque
583 3711 685 3771 maris
731 3711 842 3772 salias.
925 3712 1055 3772 Glaucus
1066 3713 1194 3790 piscator
1208 3713 1330 3791 proiecit
1343 3712 1440 3789 pisces

328 3889 389 3938 549.
407 3874 668 3942 Historiae'ficticiae.
704 3873 823 3928 Teditus
836 3878 902 3930 Ask.
962 3891 1013 3942 pro
1027 3891 1109 3928 manu
1122 3873 1258 3942 laqueoC
1325 3874 1440 3941 proprio

290 3944 389 4012 laqueo
402 3947 468 3998 Ask.
530 3946 608 4000 Mare
620 3946 694 3999 habet
706 3948 768 3998 haec
781 3947 949 4001 Theocritus
961 3947 1045 3999 eciam
1059 3947 1130 3998 alter
1142 3945 1186 3998 uel
1199 3944 1353 3997 theudocus
1366 3945 1438 3997 male

291 4016 399 4068 locutus
416 4015 450 4067 de
467 4016 529 4069 ioue
546 4022 577 4069 ut
593 4017 663 4070 latro
681 4021 723 4069 est
742 4033 893 4084 suspensus.
930 4017 1010 4071 aliter
1028 4017 1145 4084 quidam*
1155 4022 1238 4082 poeta
1254 4015 1374 4083 quodam
1392 4016 1439 4068 die

291 4102 393 4154 equum
414 4087 536 4139 ascendit
554 4087 750 4154 imponensque
772 4089 899 4156 laqueum
919 4088 1010 4141 arbori
1033 4104 1087 4156 qua
1106 4092 1165 4140 erat
1184 4087 1345 4139 transiturus
1364 4087 1440 4154 cepit

291 4171 394 4224 equum
410 4157 559 4210 calcaribus
576 4173 673 4223 urgere
691 4165 720 4211 et
737 4158 788 4210 sub
805 4158 903 4212 arbore
920 4159 1036 4212 transire
1053 4159 1148 4211 uolens
1166 4158 1255 4225 capite
1273 4157 1321 4224 ipsi
1340 4156 1439 4225 laqueo

291 4226 422 4294 implicito
438 4229 630 4294 strangulatur.
670 4231 742 4299 Quae
753 4241 871 4283 secuntur
886 4250 917 4283 ex
930 4231 1067 4298 Saluognii
1078 4230 1158 4282 codice
1170 4247 1255 4282 uereor
1267 4248 1297 4280 ne
1304 4227 1373 4295 ficta
1386 4230 1439 4280 sint

291 4299 384 4352 omnia.
431 4300 502 4368 Quae
514 4318 546 4351 ex
557 4302 687 4353 Patauino
698 4301 777 4354 attuli
789 4311 817 4354 ut
828 4302 857 4354 de
869 4301 995 4354 Theocrito
1006 4301 1095 4368 falsa,
1108 4303 1147 4354 ita
1163 4301 1193 4354 de
1205 4300 1359 4368 Antiphonte
1375 4317 1438 4352 nera

289 4379 357 4421 sunt.
395 4369 455 4422 Vade
469 4372 685 4425 commentorium.

327 4455 387 4503 551.
406 4439 443 4491 ibi
456 4460 504 4495 om.
517 4442 583 4494 Ask.
654 4441 830 4511 propriumG
899 4441 934 4496 de
946 4441 1070 4510 passione
1082 4441 1165 4494 animi
1179 4441 1288 4509 proprie
1300 4442 1366 4495 Ask.

327 4526 388 4575 553.
407 4510 502 4562 medus
515 4517 558 4564 est
571 4514 601 4566 C.
672 4511 740 4581 eius]
754 4529 804 4566 suo
817 4515 847 4569 G.

326 4597 387 4646 555.
402 4582 582 4650 postmadeG
653 4583 817 4651 penladesC
885 4584 1005 4653 equesC
1073 4583 1111 4636 ita
1123 4582 1198 4652 quod
1211 4584 1238 4636 C.
