3294 5214
307 381 347 488 ix
716 430 1044 493 rnoraoonrm.

306 591 473 652 etiamnunc
494 609 646 669 superesse
666 594 838 667 creduntu1;
860 591 939 652 unde
956 592 1080 653 OuIdius
1101 593 1151 670 qui
1171 593 1203 651 in
1220 592 1303 653 Ibide
1319 593 1459 671 plurimas

305 673 472 733 huiusmodi
498 675 632 733 historias
659 673 724 754 (57)
749 676 925 751 conquisiuit
952 675 1103 734 inimicum
1132 674 1252 734 ‘fabulis
1277 676 1346 746 suis,
1375 677 1458 752 quasi

305 756 430 831 propriis
443 753 547 826 armis,’
562 755 741 830 iugulatums
755 757 859 815 merito
877 755 938 815 fuit.
980 751 1026 835 (3)
1048 755 1129 833 quod
1131 758 1387 833 familiarissimus
1391 757 1462 832 suit

308 835 410 895 Ouidio
424 843 538 912 poetae:
560 836 621 896 Ibis
642 848 740 896 autem
760 848 910 914 tamquam
928 840 999 896 male
1010 839 1093 912 fidus
1109 837 1173 918 (85)
1188 847 1217 896 et
1231 839 1358 914 perfidus
1372 836 1458 917 (130)
1540 887 1545 896 .

305 917 442 993 arguitur,
465 918 624 994 diciturque
639 921 767 995 gratiam
789 937 856 978 cum
879 917 989 978 Ouidio
1010 921 1161 979 commissis
1181 921 1243 977 suis
1262 921 1368 995 rupisse
1382 917 1458 998 (40),

305 996 384 1057 unde
399 999 486 1059 etiarn
501 998 579 1059 nulla
593 1001 630 1060 ad
645 999 799 1078 Hyginum
814 1001 976 1059 nominatim
991 1002 1097 1077 scripta
1116 1010 1193 1060 extet
1212 1001 1334 1078 epistula
1353 1020 1408 1060 nec
1426 1003 1458 1058 ln

305 1079 451 1139 Tristibus
472 1099 527 1141 nec
549 1081 579 1139 in
600 1081 679 1142 libris
696 1082 733 1140 de
747 1082 851 1141 Penta.
897 1079 942 1160 (4)
957 1082 1038 1158 quod
1059 1084 1204 1142 admodum
1218 1092 1329 1157 pauper
1350 1083 1461 1140 decessit

305 1159 452 1238 HyginuS,
465 1162 545 1239 quod
560 1161 597 1221 de
610 1162 729 1222 inimico
745 1181 798 1222 suo
811 1161 935 1222 Ouidius
945 1163 1039 1222 innuit
1051 1183 1118 1239 419,
1132 1183 1191 1235 420
1202 1163 1299 1222 Filius
1309 1171 1335 1223 et
1346 1163 1459 1223 Cereris

293 1243 420 1322 frustra
433 1242 488 1301 tibi
497 1254 599 1320 semper
612 1251 719 1302 ametur
731 1243 924 1320 Destituatque
939 1251 1004 1303 tuas
1024 1264 1107 1320 usque
1121 1247 1226 1321 petitus
1239 1256 1307 1320 opes,
1323 1255 1351 1304 et
1365 1244 1459 1322 (quod

304 1323 385 1383 addit
405 1322 577 1402 Merkelius)
595 1328 654 1400 580
667 1325 779 1384 Perdat
797 1327 827 1384 ab
848 1327 970 1402 exiguas
990 1333 1014 1384 te
1034 1332 1098 1385 tuus
1118 1326 1212 1402 hospes
1233 1337 1300 1400 opes.
1343 1327 1458 1401 Quibus

305 1405 393 1465 etiam
407 1404 478 1465 illud
492 1406 678 1466 adleiendum
692 1417 761 1478 erat,
776 1406 856 1484 quod
870 1409 901 1465 in
916 1406 1027 1483 Hygini
1040 1407 1160 1466 Fabulis
1179 1425 1255 1466 unus
1276 1417 1354 1467 certe
1375 1408 1457 1467 locus

256 1507 257 1514 ¹
304 1496 349 1546 est
370 1505 458 1563 quem
479 1505 516 1546 ex
537 1487 621 1548 Ibide
642 1490 797 1566 sumpserit
818 1489 904 1548 cxxiii
924 1491 1004 1546 curus
1025 1487 1216 1568 (Neoptolemi)
1238 1508 1299 1547 assa
1315 1500 1369 1565 per
1382 1490 1458 1566 fines

303 1567 475 1628 Ambraciae
493 1579 594 1644 sparsa
614 1577 686 1643 sunt,
701 1570 738 1631 cf.
753 1570 796 1628 Ib.
813 1589 872 1644 304
888 1568 998 1645 Sparsa
1015 1580 1068 1645 per
1080 1569 1250 1629 Ambracias
1264 1591 1332 1646 quae
1348 1573 1459 1628 iacuere

303 1651 369 1709 uras
390 1648 544 1728 (Schmidt.
568 1650 648 1728 Hyg.
678 1672 706 1728 p.
728 1649 829 1729 xxxi);
860 1652 916 1710 nisi
940 1653 988 1711 cui
1012 1652 1086 1712 forte
1110 1661 1139 1711 et
1163 1652 1222 1710 hoc
1246 1663 1275 1711 et
1299 1652 1354 1712 alia
1377 1652 1458 1711 uelut

303 1729 455 1790 historiam
483 1732 646 1792 deThaso
674 1731 801 1811 (ccxlvii)
830 1731 953 1792 Ouidius
978 1732 1076 1811 potius
1101 1735 1138 1792 ab
1162 1732 1284 1809 Hygino
1308 1743 1458 1792 mutuatus

304 1812 398 1872 uideri
417 1822 522 1889 potest.
566 1813 626 1872 Sed
642 1815 742 1873 sanius
761 1815 798 1874 de
817 1833 848 1873 re
868 1813 977 1874 difficili
995 1814 1083 1874 credo
1101 1815 1261 1873 iudicatum
1281 1813 1317 1872 iri
1337 1816 1361 1873 si
1383 1832 1458 1891 quae

304 1892 342 1952 de
359 1892 442 1953 Ibide
462 1894 634 1970 significauit
648 1895 772 1955 Ouidius
791 1895 892 1954 omnia
910 1897 994 1972 quasi
1013 1914 1073 1955 uno
1093 1906 1256 1973 conspectu
1275 1896 1367 1955 oculis
1388 1897 1457 1956 sub-

304 1975 409 2042 iecero.
452 1975 538 2048 Quae
552 1976 638 2052 igitur
651 1976 723 2036 dixit
735 1978 767 2034 in
781 1977 909 2035 carmine
924 1986 992 2036 sunt
1006 1977 1087 2037 haec.

350 2075 374 2114 1.
397 2055 434 2114 In
450 2055 549 2116 Africa
569 2067 655 2117 natus
677 2067 730 2129 est,
747 2067 839 2117 matre
859 2058 988 2133 lgnobili
1003 2069 1032 2118 et
1053 2069 1085 2117 ut
1103 2057 1217 2118 uidetur
1231 2057 1312 2117 Afra.
1355 2078 1422 2131 221,
1440 2078 1455 2117 a

307 2135 368 2208 Qui
384 2139 473 2196 simul
491 2140 609 2214 r'rtpurae
628 2141 731 2198 matris
745 2141 895 2216 prolapsus
915 2141 950 2198 ab
971 2143 1036 2199 aluo
1059 2139 1225 2222 Cinyphiam
1241 2141 1328 2217 foedo
1347 2150 1459 2216 corpore
1477 2138 1490 2151 ⁹

297 2220 407 2296 pressit
417 2218 539 2279 humum.
575 2218 687 2280 Habuit
699 2222 889 2299 propinquos,
904 2221 1027 2282 fortasse
1040 2239 1164 2281 uxorem
1178 2231 1207 2280 et
1220 2221 1336 2295 liberos,
1346 2225 1383 2296 56
1393 2221 1459 2282 Hoc

303 2319 352 2378 ego
365 2301 477 2359 deuoueo
491 2307 563 2377 teque
577 2312 723 2379 tuosque
737 2305 820 2361 modo.

348 2401 374 2441 a.
406 2382 486 2442 Vsus
507 2393 567 2442 erat
588 2385 712 2443 amicitia
736 2384 843 2458 Ouidii
866 2403 992 2462 eumque
1013 2393 1170 2462 postquam
1197 2384 1264 2443 exul
1291 2383 1385 2443 factus
1413 2392 1458 2443 est

303 2462 472 2540 prodiderat
488 2483 523 2523 ac
541 2465 684 2525 iacentem
698 2464 764 2546 (29)
779 2467 953 2539 calcauerat;
978 2471 1016 2541 85
1041 2465 1180 2526 Carmina
1200 2467 1264 2523 dum
1285 2467 1374 2540 capiti
1387 2467 1457 2523 male

302 2545 359 2618 fido
372 2546 440 2604 dira
453 2553 592 2606 canuntur
606 2546 649 2606 Et
654 2554 800 2625 peragunt
807 2556 902 2624 partes
915 2550 963 2607 ira
977 2550 1103 2623 dolorque
1116 2567 1190 2606 suas.
1232 2545 1278 2606 Cf.
1295 2566 1334 2618 40
1352 2545 1457 2606 Gratia

303 2628 464 2699 commissis,
479 2628 606 2704 improbe,
618 2636 700 2704 rupta
715 2631 778 2702 tues,
798 2648 855 2704 130
866 2631 975 2705 perfide.
1020 2629 1058 2687 Et
1071 2629 1128 2688 hoc
1143 2637 1187 2688 est
1200 2629 1282 2706 quod
1294 2636 1355 2686 tam
1370 2646 1457 2687 saeue

304 2708 472 2784 Indignetur
485 2717 590 2786 poeta:
617 2711 667 2769 uix
681 2711 760 2769 enim
781 2711 836 2771 nisi
857 2712 888 2769 in
909 2711 1035 2770 amicum
1052 2710 1196 2787 perfidum
1218 2710 1375 2786 scripturus
1396 2719 1457 2769 erat

304 2790 494 2850 inexorabilia
507 2791 562 2850 ista
579 2803 717 2866 107—140
735 2791 827 2850 Terra
847 2793 1023 2868 tibifruges,
1037 2793 1129 2850 amnis
1143 2792 1198 2850 tibi
1209 2792 1316 2868 deneget
1327 2791 1458 2849 undas-

305 2868 400 2929 Saeua
414 2872 505 2930 sedin
518 2875 610 2930 manis
627 2874 754 2932 mane'dus
773 2893 854 2932 arma
872 2873 948 2932 dado.
990 2873 1074 2932 Idem
1093 2874 1217 2932 innuunt
1235 2891 1280 2948 19,
1297 2891 1335 2931 ao
1349 2871 1393 2930 Et
1409 2874 1462 2947 qui

304 2951 435 3010 debuerat
451 2954 558 3012 sudrim
578 2955 742 3030 extinguere
752 2955 896 3029 flammas,
911 2954 972 3012 Hic
982 2955 1118 3030 praedam
1135 2956 1221 3013 mede'o
1235 2961 1332 3030 raptor
1345 2955 1380 3012 ab
1394 2955 1457 3030 agne

300 3035 375 3108 petit,
391 3033 420 3093 h.
429 3053 455 3095 e.
466 3035 516 3110 qui
530 3035 656 3094 subitam
669 3036 783 3095 ruinam
797 3037 936 3116 debuerat
949 3045 1068 3112 propter
1082 3035 1303 3094 familiaritatem
1318 3045 1456 3106 auertere,

305 3113 376 3174 lucri
390 3117 577 3176 occasionem
591 3135 628 3175 ex
643 3134 678 3176 ea
693 3119 811 3194 quaerit,
827 3127 978 3193 tamquam
992 3117 1216 3176 inimicissimus.

347 3215 375 3271 3.
396 3196 497 3257 Exulis
512 3196 611 3257 Ouidii
625 3197 774 3257 infamiam
788 3200 848 3257 iam
866 3198 1103 3273 refrigescentem
1117 3198 1268 3256 suscitarat
1285 3216 1323 3256 ex
1341 3198 1456 3273 integro

304 3277 410 3338 habitis
425 3279 608 3338 sermonibus
622 3279 653 3336 ln
667 3278 730 3339 foro
745 3288 773 3338 et
788 3279 865 3358 apud
884 3280 1035 3356 populum,
1055 3298 1151 3350 11—14
1166 3278 1222 3337 Ille
1242 3280 1391 3354 relegatum
1408 3299 1456 3355 ge-

303 3358 374 3418 lidos
394 3360 543 3435 Aquilonis
564 3362 606 3419 ad
625 3367 702 3430 ortus
723 3360 792 3420 Non
815 3363 886 3419 se'nit
902 3361 992 3426 exr'leo
1013 3362 1150 3418 dele'tuisse
1170 3379 1233 3419 meo.
1287 3361 1458 3434 Vulneraque

304 3441 411 3499 enmeb‘s
423 3443 544 3516 requiem
557 3445 716 3517 quaerentia
729 3449 824 3513 uexat,
839 3442 935 3501 Iactat
952 3449 979 3500 et
997 3444 1028 3500 in
1048 3448 1099 3500 toto
1120 3443 1231 3500 nomena
1253 3448 1349 3500 nostra
1358 3443 1455 3519 farm·

304 3520 401 3580 eidem
415 3521 559 3599 relliquias
573 3521 706 3582 fortunae
721 3523 849 3582 adlmere
863 3542 901 3583 ne
917 3541 1007 3584 senex
1024 3524 1142 3582 haberet
1162 3541 1221 3600 quo
1241 3531 1456 3594 sustentaretur,

305 3620 365 3661 neu
378 3602 485 3662 coniux
500 3603 618 3661 exilium
632 3613 744 3663 tanturn
759 3605 820 3677 uiri,
836 3604 889 3665 sed
906 3623 959 3666 sua
978 3605 1067 3664 etiam
1086 3605 1163 3663 mala
1182 3605 1317 3680 ploraret,
1332 3614 1455 3663 conatus

304 3691 358 3754 est,
376 3698 411 3756 15
426 3682 610 3760 Perpetuoque
623 3687 697 3744 mihi
707 3688 955 3763 susbtamfoedere
971 3688 1034 3746 lecti
1044 3686 1112 3746 Non
1122 3689 1232 3762 patitur
1243 3687 1342 3744 miseri
1342 3687 1457 3762 funera

295 3765 369 3842 flere
382 3767 452 3837 uiri,
469 3783 503 3824 21
517 3764 634 3824 Nititur
647 3774 680 3825 ut
687 3769 825 3845 profugae
839 3770 927 3827 desint
940 3769 1071 3827 alr'rnenta
1084 3774 1208 3827 senectae.

347 3866 374 3920 4.
398 3845 483 3906 Haec
503 3848 603 3908 omnia
623 3848 730 3907 fecerat
751 3851 826 3909 adeo
846 3849 999 3909 crudeliter
1018 3867 1052 3907 ac
1073 3848 1200 3906 uiolente
1222 3866 1259 3921 29
1274 3845 1318 3904 Ae
1333 3846 1387 3904 tibi
1399 3846 1455 3904 cal-

303 3931 377 3986 casti
386 3929 438 4004 qui
448 3947 497 4000 me,
511 3929 632 4000 ue'olente,
647 3931 783 4001 iacentem,
795 3941 826 3989 ut
840 3932 935 4007 ipsam
949 3932 1039 3989 uitam
1052 3938 1154 4006 poetae
1169 3928 1287 4005 petiisse
1301 3927 1456 3998 uideretur,

307 4027 362 4083 131
379 4011 453 4068 hanc
465 4011 588 4069 animam
601 4012 717 4070 namium
730 4011 785 4070 tibi
793 4023 870 4087 saepe
877 4013 1001 4086 petitam.

346 4104 372 4164 5.
396 4090 529 4169 Linguae
550 4093 673 4152 acerbae
693 4092 746 4152 fuit
762 4103 791 4153 et
811 4093 952 4164 rabiosae,
971 4091 1049 4151 unde
1071 4091 1208 4150 caninum
1228 4090 1347 4149 dentem
1367 4100 1456 4167 poeta

304 4171 429 4247 imputat
449 4182 599 4250 tamquam
619 4173 850 4233 mordacissImo.
895 4192 1033 4249 aeq-232
1053 4171 1229 4248 Gutturaque
1247 4171 1396 4230 induerant
1412 4174 1455 4230 in-

292 4253 398 4331 fantia
421 4254 488 4312 lacte
508 4257 630 4324 coneum·
659 4255 720 4314 Hic
739 4257 850 4331 primus
870 4257 954 4330 pueri
974 4256 1051 4313 uenit
1072 4255 1102 4312 in
1125 4273 1176 4313 ara
1200 4253 1283 4312 cetus.
1325 4253 1458 4313 Perbibit

301 4335 368 4400 rude
379 4353 447 4393 suae
459 4336 563 4395 rabiem
577 4339 695 4396 nutricis
708 4338 844 4409 alumnus,
859 4337 968 4396 Latrat
979 4344 1005 4395 et
1018 4338 1048 4394 in
1062 4342 1113 4394 toto
1126 4336 1211 4395 uerba
1227 4336 1412 4414 canenafirro.

346 4417 374 4478 6.
399 4415 522 4476 Videtur
541 4429 629 4477 notus
649 4419 737 4478 fuisse
759 4419 891 4479 Romae:
921 4419 972 4477 uix
992 4418 1070 4478 enim
1091 4416 1228 4477 credibile
1252 4426 1295 4476 est
1320 4416 1454 4492 ignotum

303 4495 455 4558 hominem
464 4498 579 4574 pudlr'ca
596 4500 698 4560 damna
709 4501 810 4560 uocari
825 4497 910 4580 (224)
926 4519 980 4562 nec
994 4500 1088 4577 ignoti
1102 4499 1229 4560 natalem
1244 4497 1322 4558 diem
1332 4497 1459 4558 Alle'erui
