3294 5214
313 443 400 502 xxxvi
716 440 1044 503 PROLEGOMENA.

312 601 469 672 ἀνιχνεῦσαι,
484 599 552 669 ὅμως
566 599 588 656 δ’
603 597 649 656 οὖν
662 601 688 659 ές
701 605 786 657 κοῖτον
800 602 940 673 τρεπομένη
954 601 1027 656 λούει
1046 623 1074 656 τε
1092 604 1217 672 πρότερον
1229 600 1319 668 έαυτὴν
1333 599 1374 653 καὶ
1392 599 1463 654 ε’κκα-

313 683 403 755 θαίρει.
446 680 525 739 Nam
545 691 576 739 ut
597 691 641 740 est
661 681 857 751 bomissima,
879 700 939 740 non
961 682 1043 758 aquis
1063 689 1177 740 tantum
1198 688 1227 738 et
1246 679 1400 757 paludibus
1419 679 1464 737 in·

314 762 421 821 cedens
434 763 529 838 pisces
543 780 687 839 ranasque
701 772 730 822 et
744 781 819 840 quae
833 763 935 822 limum
948 763 1080 823 incolunt
1093 762 1227 830 absumit,
1243 761 1295 820 sed
1308 768 1337 818 et
1350 761 1464 818 uiarum

313 844 480 920 quisquilias
501 855 530 902 et
551 843 738 903 macellorum
758 855 970 921 purgamenta:
992 854 1024 902 ut
1043 861 1158 919 semper
1176 842 1285 918 aliquid
1300 859 1403 900 uorare
1416 840 1465 898 uel

313 925 394 1001 quod
415 935 497 983 uoret
518 926 614 983 rimari
635 925 774 984 uideatur.
818 926 930 984 Aelian.
947 924 987 983 H.
1001 925 1038 983 A.
1052 944 1080 983 x.
1095 943 1130 1000 ²9
1147 928 1369 998 Πολυβορώτατον
1382 925 1410 980 bu
1424 924 1464 978 καὶ

313 1011 530 1080 κακοβορώτατον.
552 1006 646 1065 Strab.
663 1011 721 1082 823
740 1008 776 1066 de
796 1007 973 1066 Alexandria
990 1006 1116 1082 loquens
1131 1003 1313 1078 Ἧμερώτατον
1331 1007 1353 1060 δ
1369 1005 1384 1076 i
1403 1001 1463 1073 ἶβις,

313 1089 480 1162 πελαργώδης
492 1091 539 1160 μέν
552 1091 614 1145 κατὰ
628 1093 718 1162 σχῆμα
731 1092 771 1145 καὶ
784 1090 900 1164 μέγεθος,
915 1089 985 1159 διττὴ
1000 1090 1028 1145 δέ
1042 1089 1088 1158 τὴν
1099 1091 1189 1162 χρόαν,
1200 1088 1215 1157 ἡ
1230 1089 1277 1154 μέν
1289 1086 1464 1159 πελαργῶδης,

313 1170 329 1241 ἡ
354 1171 381 1225 δέ
406 1170 453 1239 ὅλη
477 1171 591 1241 μέλαινα.
625 1172 708 1242 μεστὴ
733 1170 755 1226 δ’
776 1173 860 1226 αὐτῶν
881 1172 969 1227 ἅπασα
989 1169 1089 1243 τρίοδος
1109 1171 1137 1225 έν
1155 1167 1343 1239 Ἀλεξανδρείᾳ,
1363 1171 1398 1239 πῆ
1418 1168 1465 1239 μέν

313 1253 505 1324 χρησίμως,πῆ
525 1251 547 1305 δ’
563 1253 593 1306 οὐ
612 1252 754 1324 χρησίμως·
775 1251 910 1325 χρησίμως
928 1254 974 1323 μέν
987 1251 1027 1307 ὅτι
1043 1255 1093 1307 πᾶν
1107 1251 1195 1322 θηρίον
1209 1250 1308 1322 ἐκλέγει
1325 1251 1366 1305 καὶ
1385 1252 1417 1304 τὰ
1436 1249 1465 1302 έν

314 1337 368 1390 τοῖς
386 1334 552 1406 κρεοπωλίοις
570 1335 610 1388 καὶ
629 1337 683 1391 τοῖς
700 1335 863 1406 ὀψοπωλίοις
880 1334 1086 1405 ἀποκαθάρματα·
1108 1331 1279 1404 δυσχρήστως
1292 1331 1328 1401 δέ,
1343 1330 1383 1386 ὅτι
1395 1353 1464 1399 παμ-

314 1414 400 1550 ίίῖ””
418 1415 461 1516 5⁰³
481 1414 622 1550 apa...
643 1417 684 1517 “²3
705 1417 839 1553 ⁸⁹⁶⁸⁶li⁹
861 1413 1334 1554 ⁶“tNt;”⁰t.itl.ttt.“tttt
1352 1413 1465 1550 {itii

367 1518 459 1568 ατριων
480 1518 515 1566 μο
534 1518 619 1567 υσμον
641 1518 743 1553 παντος.
817 1515 851 1554 ec
875 1515 895 1554 u
956 1514 970 1553 r

315 1577 441 1651 antiquis
465 1594 554 1651 quam
582 1576 652 1634 ibin
681 1594 802 1635 uorare
831 1586 1018 1652 serpentes.
1071 1575 1162 1648 Quod
1186 1574 1240 1632 etsi
1267 1572 1347 1632 nullo
1372 1570 1465 1630 modo

313 1666 410 1733 potest
435 1675 499 1715 esse
523 1675 632 1728 uemm,
657 1668 690 1716 ut
714 1677 750 1716 ex
776 1659 953 1718 curatissima
977 1657 1163 1734 inquisitione
1188 1654 1345 1730 Sauignius
1369 1653 1464 1724 euicit,

315 1738 390 1796 adeo
411 1738 614 1814 peruulgatum
636 1749 679 1797 est
700 1750 731 1796 ut
753 1758 770 1797 a
794 1740 939 1816 plerisque
961 1741 1127 1798 etiamnunc
1153 1754 1206 1813 pro
1226 1753 1296 1795 uero
1317 1736 1465 1795 habeatur.

315 1819 395 1877 Nulli
417 1837 477 1878 non
502 1820 627 1880 innotuit
647 1820 745 1879 fabula
764 1821 812 1878 illa
833 1820 979 1880 Herodoti
1002 1821 1029 1878 ii.
1054 1834 1101 1895 75,
1126 1821 1172 1894 76,
1194 1837 1258 1876 esse
1282 1818 1313 1875 in
1336 1817 1465 1876 confinio

315 1901 443 1959 Arabiae
467 1911 496 1959 et
517 1901 642 1978 Aegypti
667 1903 764 1961 locum
788 1903 868 1961 iuxta
892 1903 993 1961 urbem
1018 1900 1095 1960 Buto
1120 1901 1168 1959 ubi
1192 1901 1311 1958 ineunte
1335 1917 1403 1958 uere
1428 1915 1465 1956 ex

316 1982 423 2040 Arabia
437 1982 570 2040 uolantes
584 1993 731 2059 serpentes
749 2003 817 2043 cum
835 1985 931 2043 ibibus
949 1983 1126 2060 confligant3
1149 2000 1166 2040 a
1187 1981 1292 2058 quibus
1314 1981 1382 2058 quia
1402 1980 1466 2037 uin-

316 2074 418 2122 cantur
441 2064 502 2121 ibin
525 2065 598 2122 inter
619 2065 781 2142 Aegyptios
802 2084 913 2141 magno
937 2066 968 2124 in
993 2065 1105 2124 honore
1126 2083 1198 2122 esse.
1240 2061 1316 2120 Earn
1337 2061 1466 2119 fabulam

316 2145 512 2220 repetiuerant
533 2143 637 2204 Cicero
659 2148 696 2206 de
717 2145 755 2206 N.
775 2146 812 2204 D.
834 2148 851 2204 i.
870 2166 937 2219 101,
958 2146 1068 2205 Plinius
1089 2145 1129 2202 H.
1151 2145 1189 2202 N.
1212 2162 1238 2202 x.
1257 2157 1304 2220 75,
1326 2142 1466 2201 Aelianus

317 2225 357 2284 H.
378 2226 414 2284 A.
436 2226 463 2284 ii.
484 2230 522 2300 38
544 2227 603 2299 fin,
624 2228 722 2286 Amm.
745 2228 836 2289 Marc.
857 2229 923 2287 xxii.
948 2243 993 2304 15.
1017 2231 1063 2299 26,
1087 2227 1202 2286 Solinus
1223 2245 1251 2302 p.
1273 2228 1339 2282 162.
1361 2243 1397 2295 r4
1419 2223 1480 2282 ed.-

252 2341 255 2346 ·
317 2308 495 2366 Mommsen.
540 2307 723 2385 Serpentium
737 2328 875 2370 uoracem
889 2311 949 2368 ibin
964 2311 1097 2369 dixerunt
1111 2307 1199 2368 Diod.
1214 2309 1231 2365 i.
1245 2310 1292 2381 87.
1305 2309 1332 2377 6,
1348 2304 1465 2380 Ioseph.

316 2390 415 2466 Antiq.
437 2391 464 2449 ii.
482 2408 528 2462 ιο,
551 2390 619 2450 Mel.
640 2392 679 2449 iii.
699 2396 746 2464 81,
769 2392 871 2452 quen.
892 2411 938 2452 xv.
960 2411 987 2465 3,
1009 2391 1119 2450 Aelian.
1142 2389 1182 2448 H.
1201 2390 1238 2448 A.
1259 2409 1287 2447 x.
1309 2407 1346 2464 ²9
1368 2387 1416 2464 qui
1438 2397 1467 2444 et

317 2471 449 2547 scorpios
471 2473 508 2530 ab
529 2490 565 2530 ea
586 2474 701 2534 comedi
723 2475 816 2541 tradit,
834 2475 931 2532 Amm.
947 2473 1037 2531 Marc.
1054 2473 1120 2532 xxii.
1139 2486 1184 2545 15.
1202 2473 1248 2542 26,
1268 2469 1382 2528 Solinus
1401 2469 1466 2528 162.

321 2573 355 2611 rr
376 2552 419 2611 Μ.
445 2552 532 2613 Circo
552 2556 656 2613 easdem
679 2558 758 2631 rapas
778 2557 836 2614 ales
855 2564 896 2614 est
915 2556 975 2614 ibris
1003 2574 1035 2612 eo
1057 2555 1222 2630 serpentium
1239 2552 1393 2628 populatur
1414 2569 1466 2607 ouo

313 2637 560 2712 gratissimamque
575 2656 614 2695 ex
632 2637 678 2694 his
696 2656 783 2694 escam
804 2639 879 2695 nzilr's
899 2640 958 2695 ruzi
980 2638 1087 2712 desert:
1108 2637 1150 2693 st'c
1163 2640 1311 2693 rarescunt
1319 2639 1468 2708 prouentus

306 2711 422 2794 saluum
441 2719 608 2775 noxrb'rum:
634 2736 709 2794 quos
727 2718 810 2778 locos
824 2718 972 2794 congessit
987 2717 1142 2793 Sauignius
1162 2735 1211 2793 pp.
1230 2734 1297 2788 ror,
1315 2733 1329 2772 ν
1351 2724 1380 2773 et
1400 2722 1467 2791 post
1561 2751 1565 2760 ·

318 2815 386 2856 eum
401 2796 507 2874 Mayor
521 2799 558 2857 ad
572 2799 674 2858 quen.
689 2818 734 2858 xv.
750 2818 776 2874 3.

360 2877 464 2954 Neque
479 2880 621 2938 uoracitas
636 2881 731 2939 solum
745 2891 774 2939 et
787 2899 862 2956 quae
877 2900 943 2940 cum
958 2880 1013 2940 hac
1028 2881 1214 2955 coniungitur
1233 2879 1406 2938 creberrima
1423 2878 1468 2935 sui

319 2961 454 3037 purgatio
469 2959 499 3018 in
516 2960 599 3020 Ibide
614 2951 707 3020 notari
721 2972 843 3038 poterat.
885 2962 964 3021 Nam
979 2972 1007 3022 et
1021 2963 1137 3022 incessu
1155 2961 1207 3020 fuit
1225 2961 1305 3020 lento
1325 2970 1354 3018 et
1373 2977 1468 3035 paene

318 3041 451 3116 uirginali
467 3039 542 3120 (Ael.
558 3040 598 3100 H.
614 3043 651 3102 A.
665 3044 693 3102 ii.
707 3041 758 3122 38)
773 3053 804 3101 ut
822 3063 904 3102 cmra
919 3044 1040 3121 singulis
1053 3044 1188 3120 passibus
1203 3043 1332 3102 cubitum
1347 3042 1421 3100 inter
1436 3058 1468 3099 se

319 3123 517 3181 dimetirentur
533 3121 609 3202 (Ael.
624 3143 652 3184 x.
669 3125 729 3204 29),
743 3135 772 3182 et
786 3125 881 3201 pullos
902 3127 1021 3202 gignere
1043 3125 1121 3185 coitu
1142 3143 1195 3201 per
1215 3141 1250 3182 os
1267 3123 1345 3183 facto
1367 3123 1466 3182 erede-

319 3205 405 3262 batur
423 3203 500 3284 (Ael.
515 3224 542 3263 x.
560 3225 596 3280 29
615 3205 746 3281 μίγνυνται
767 3209 795 3263 δέ
815 3213 868 3266 τοῖς
889 3208 1002 3280 στόμασι
1023 3210 1063 3263 καὶ
1082 3209 1290 3264 παιδοποιοῦνται
1310 3210 1355 3263 τδν
1374 3207 1470 3280 τρόπον

319 3292 418 3354 τοῦτον,
440 3285 539 3344 Amm.
560 3286 801 3362 Mare.xxii.15.
821 3291 857 3345 26
875 3299 927 3364 per
947 3295 1040 3348 rostra
1050 3291 1133 3365 selus
1153 3288 1228 3345 edere
1247 3285 1418 3366 accepzinus),
1440 3295 1470 3345 et

320 3366 480 3425 diutissime
507 3368 597 3426 uitam
626 3369 786 3444 producere
815 3368 891 3449 (Ael.
912 3390 940 3428 x.
965 3370 1015 3449 29)
1043 3380 1071 3429 et
1099 3370 1235 3428 intestino
1264 3387 1329 3428 esse
1356 3377 1469 3445 praeter

320 3447 443 3506 modum
464 3447 578 3524 prolixo
593 3449 767 3529 (nonaginta
788 3469 839 3509 sex
861 3452 1025 3511 cubitorum
1046 3451 1143 3530 prodit
1157 3451 1296 3510 Aelianus
1316 3470 1344 3509 x.
1361 3449 1425 3528 29),
1440 3461 1468 3509 et

320 3547 388 3589 cum
404 3529 489 3587 Luna
502 3531 650 3605 quendam
663 3530 769 3590 habere
783 3533 943 3591 naturalem
961 3551 1148 3605 consensum,
1164 3532 1244 3609 quod
1262 3534 1416 3592 obscurata
1435 3550 1470 3590 ea

321 3611 469 3670 coniueret
477 3610 579 3671 ‘donec
592 3613 624 3670 in
637 3612 758 3689 plenum
772 3614 875 3672 orbem
888 3624 1077 3674 reuerteretur
1088 3612 1165 3692 (Ael.
1176 3634 1204 3672 x.
1219 3610 1278 3690 29),
1289 3623 1318 3672 et
1331 3632 1368 3672 ex
1382 3622 1470 3672 auctu

321 3693 383 3752 eius
407 3691 454 3750 uel
480 3692 671 3753 diminutione
696 3695 793 3754 cibum
818 3707 937 3773 augeret
960 3697 1007 3756 uel
1032 3696 1204 3755 diminueret
1226 3694 1266 3775 (ii.
1290 3692 1350 3770 35),
1372 3705 1402 3754 et
1426 3704 1470 3752 tot

321 3775 423 3833 diebus
438 3773 533 3849 pullos
548 3776 612 3835 ouis
627 3775 792 3836 excluderet
813 3787 885 3854 quot
904 3797 940 3836 ea
958 3788 1099 3838 cresceret
1117 3786 1338 3854 senesceretque
1353 3774 1392 3855 (x.
1411 3775 1470 3854 29).

322 3855 407 3915 Haec
422 3855 618 3916 Callimachus
631 3867 663 3917 ut
677 3869 737 3917 erat
752 3860 893 3918 inanium
907 3868 1009 3917 natura
1023 3857 1189 3934 indaganda
1203 3859 1341 3930 curiosus,
1356 3859 1470 3935 scripsit

320 3937 400 3996 enim
417 3937 521 3996 librum
535 3942 594 4011 περὶ
608 3939 728 4013 ὀρνέων*
744 3951 793 3998 aut
807 3941 908 3998 omnia
922 3950 971 3998 aut
987 3948 1098 4016 partem
1121 3940 1299 4000 adhibiturus
1321 3951 1389 4009 erat,
1410 3958 1469 4016 quo

320 4018 435 4094 plenius
453 4019 483 4076 in
503 4036 557 4078 aue
573 4020 724 4079 inimicum
738 4023 931 4080 insectaretur.
974 4019 1034 4092 Qui
1049 4023 1182 4098 quamuis
1197 4020 1365 4081 foeditatem
1378 4023 1470 4099 potis-

322 4100 429 4158 simum
443 4102 504 4159 auis
517 4101 675 4174 incesserit,
690 4103 719 4159 in
734 4102 892 4178 Apollonio
907 4103 937 4161 id
950 4121 1076 4179 arguens
1090 4104 1171 4162 cuius
1184 4103 1248 4179 ipse
1262 4105 1301 4162 ab
1311 4103 1470 4180 Apollonio

322 4180 497 4256 arguebatur
507 4182 688 4260 (Καλλίμαχος
702 4187 731 4240 τὸ
745 4181 1023 4262 artemam-idque
1038 4185 1069 4242 in
1082 4185 1160 4243 ibide
1173 4185 1329 4244 insectatus
1344 4185 1425 4262 quod
1438 4185 1469 4244 in

322 4262 459 4320 omnibus
480 4264 569 4322 triuiis
590 4265 782 4324 Alexandriae
803 4265 911 4325 uidisse
932 4284 963 4325 se
984 4265 1088 4325 Strabo
1108 4275 1228 4325 testatus
1247 4276 1299 4339 est,
1313 4271 1364 4324 πᾶν
1384 4268 1472 4340 θηρίον

322 4345 479 4416 ἐκλέγουσαν
492 4349 532 4401 καὶ
545 4347 577 4400 τὰ
591 4349 618 4401 έν
631 4351 684 4405 τοῖς
698 4349 865 4421 κρεοπωλίοις
881 4350 921 4404 καὶ
938 4353 992 4406 ταῖς
1010 4349 1172 4422 ὀψοπωλίοις
1190 4349 1470 4423 ἀποκαθάρματα-

499 4514 513 4547 *
531 4513 668 4576 Fragmenta
680 4516 771 4580 collegit
782 4517 812 4563 0.
824 4515 970 4564 Schneiderus
982 4517 1071 4566 Gallim.
1082 4518 1105 4565 ii.
1122 4533 1160 4578 pp.
1176 4517 1297 4582 290-296.
