3312 5200
291 441 329 496 70
776 431 958 494 SCHOLIA

289 593 347 652 hoc
362 593 465 652 dicitur
480 593 511 651 in
525 593 629 662 Ponto,
642 609 710 651 cum
726 589 846 650 Orestes
887 591 1041 668 Iphigenia
1055 610 1137 650 soror
1152 590 1272 652 Orestis.
1319 593 1447 668 quicun-

289 675 405 734 reduxit
415 673 598 751 Iphigeniam
609 691 740 733 sororem
752 691 844 732 suam.
888 691 944 750 que
961 673 1091 749 hospites
1109 674 1175 732 illuc
1190 674 1356 746 ueniebant,
1367 692 1446 732 unus

291 755 321 816 C
332 763 359 815 el
371 755 440 815 Ast.
887 754 1001 814 Dianae
1019 757 1208 827 mactabatur,
1225 754 1297 813 alter
1317 766 1446 815 reuerte-

887 839 978 894 batur.
1002 835 1071 896 Cod.
1082 834 1240 913 Saluagm'i
1251 845 1277 894 el
1288 838 1329 896 ed.
1338 837 1444 896 Paris.

892 932 978 993 Ι573·

333 1003 401 1074 385.
439 999 642 1077 Scyllaeque
702 999 847 1059 aduersa
929 999 1014 1058 Scilla
1029 1008 1057 1058 et
1072 998 1206 1058 Caribdis
1227 1009 1295 1058 sunt
1315 1000 1445 1075 pericula

292 1081 469 1159 Carybdis.
528 1075 614 1142 Scilla
649 1091 678 1140 et
713 1080 846 1140 Caribdis
887 1082 918 1140 in
940 1083 1021 1140 mari.
1065 1080 1147 1140 Scilla
1170 1082 1306 1139 absorbet
1328 1091 1358 1140 et
1381 1099 1444 1140 non

290 1163 418 1242 pericula
440 1172 507 1222 sunt
527 1163 646 1222 uoracia
666 1163 696 1222 in
717 1163 797 1233 mari,
815 1164 846 1220 in
888 1163 1020 1234 reuomit,
1043 1161 1177 1221 Caribdis
1199 1163 1337 1221 absorbet
1359 1173 1388 1220 et
1413 1164 1444 1221 in
1524 1207 1528 1212 .

291 1246 397 1323 quibus
429 1244 549 1322 quidam
583 1245 730 1305 sociorum
750 1244 844 1303 Vlixis
886 1244 938 1304 hoc
960 1252 1028 1303 sunt
1049 1245 1179 1302 aduersa.
1213 1246 1243 1302 in
1258 1245 1365 1320 quibus
1380 1245 1443 1319 qui-

291 1327 440 1404 periclitati
458 1335 533 1386 sunt.
577 1325 711 1385 Caribdis
730 1335 774 1385 est
793 1326 844 1384 ad·
887 1326 956 1386 dam
967 1325 1004 1384 de
1014 1324 1201 1394 sociisVlixis
1211 1335 1279 1384 sunt
1289 1326 1442 1397 submersi,

290 1426 376 1468 uersa
387 1407 498 1479 scillae,
509 1408 577 1484 quia
588 1408 635 1467 Sc.
644 1417 728 1466 uorat
739 1417 768 1467 et
781 1425 843 1466 non
884 1417 1008 1466 testante
1024 1406 1167 1466 Homero
1212 1405 1245 1466 C.

289 1490 393 1562 reddit,
409 1489 461 1549 Ca.
476 1507 547 1549 uero
562 1498 591 1549 et
605 1488 706 1548 reddit.
751 1487 788 1548 G.
1440 1531 1442 1534 -

333 1574 402 1646 387.
424 1571 469 1630 Vt
487 1589 573 1647 quos
593 1570 738 1630 demisit.
781 1569 845 1630 No·
928 1570 974 1629 De
996 1569 1082 1629 sociis
1103 1569 1224 1646 Vlyssis.
1267 1588 1337 1628 nam
1355 1569 1443 1646 Poly-

290 1662 354 1712 tum
368 1662 413 1712 est
427 1652 464 1712 de
477 1652 660 1728 Poliphemo.
707 1651 743 1712 G.
886 1651 1012 1728 phemm
1027 1650 1155 1727 Cyclops
1170 1651 1307 1728 Vlyssem
1321 1651 1351 1710 ui
1367 1661 1442 1710 tem-

333 1733 523 1810 Poliphemus
549 1733 647 1793 oblato
676 1734 730 1793 sibi
758 1733 845 1792 oculo
887 1734 1005 1810 pestatis
1027 1733 1057 1790 in
1072 1733 1199 1792 Siciliam
1214 1732 1342 1791 delatum
1357 1744 1443 1790 antro

291 1816 330 1874 eb
344 1811 430 1873 Vlixe
445 1832 533 1891 quem
554 1816 585 1873 in
604 1815 699 1874 fronte
720 1815 846 1874 habebat
888 1833 943 1874 suo
966 1815 1089 1884 inclusit,
1109 1823 1304 1891 quattuorque
1329 1832 1367 1872 ex
1392 1833 1443 1872 co·

292 1896 435 1972 quosdam
444 1896 481 1956 de
490 1896 845 1956 comitibusVlixiscome-
887 1897 1005 1956 mitibus
1030 1895 1092 1954 eius
1117 1896 1276 1969 deuorauit,
1311 1896 1442 1973 reliquos

291 1978 343 2048 dit,
357 1987 389 2036 ut
403 1978 443 2036 ait
458 1976 592 2037 Ouidius.
635 1977 670 2037 C.
888 1978 993 2037 eodem
1004 1977 1103 2036 mortis
1113 1996 1220 2053 genere
1229 1987 1443 2054 perempturus

888 2061 943 2118 nisi
953 2058 1074 2136 Vlysses
1089 2077 1157 2118 eum
1171 2067 1349 2118 excaecarat.
1374 2058 1442 2119 Coei

889 2139 1046 2218 Saluagnii
1057 2143 1134 2198 eled.
1149 2140 1250 2198 Poris.
1272 2153 1326 2214 157
1333 2159 1359 2215 3.

335 2225 402 2297 388.
424 2221 468 2280 Vt
481 2221 754 2300 Laestrygonias.
784 2221 845 2280 Ae·
927 2222 1040 2282 Aeolus
1074 2241 1124 2280 rex
1159 2231 1313 2280 uentorum
1349 2221 1444 2280 Vlixis

291 2303 356 2363 olus
375 2304 476 2379 genuit
489 2304 643 2376 Arcisium‚
658 2306 694 2363 A.
710 2304 844 2378 Laerten,
885 2322 1014 2381 proauus
1038 2303 1100 2362 luit.
1150 2322 1219 2361 nam
1240 2302 1342 2362 Vlixes
1368 2303 1445 2362 filius

291 2385 343 2444 La.
358 2385 474 2444 Vlixen.
514 2385 570 2444 hac
584 2385 720 2445 affinitate
734 2385 847 2445 Aeolus
888 2386 941 2445 fuit
951 2385 1076 2456 laenis,
1092 2385 1210 2444 Laertes
1224 2385 1341 2456 Arcisii
1356 2385 1443 2442 Arci·

291 2465 371 2525 Vlixi
398 2467 530 2526 redeunti
567 2476 672 2526 uentos
709 2467 847 2526 aduersos
888 2469 947 2527 sius
961 2466 1057 2526 Aeoli.
1073 2467 1180 2525 Aliter:
1206 2465 1349 2543 Sisiphus,
1368 2467 1443 2525 iilius

287 2549 408 2622 inclusit
425 2549 455 2606 in
474 2559 537 2608 utre
554 2557 584 2606 et
597 2550 624 2607 ei
638 2549 771 2608 tradidit:
794 2549 844 2625 qui
885 2549 982 2620 Aeoli,
996 2549 1152 2607 Anticliam
1172 2547 1294 2606 latenter
1314 2549 1443 2624 impreg-

292 2648 359 2689 cum
386 2648 479 2706 prope
506 2632 628 2706 patriam
659 2640 743 2701 esset,
772 2629 844 2689 socii
886 2631 967 2689 nauit
987 2638 1144 2706 antequam
1166 2629 1285 2688 Laertes
1307 2648 1373 2688 eam
1389 2629 1442 2687 du·

289 2713 350 2770 eius
377 2711 510 2770 uidentes
538 2720 615 2770 utres
650 2712 763 2788 plenos,
791 2711 844 2772 rati
886 2720 979 2772 ceret:
1010 2712 1047 2770 de
1069 2730 1127 2788 qua
1147 2711 1381 2787 impregnatione
1399 2711 1442 2768 di-

291 2811 357 2852 esse
386 2794 550 2868 pecuniam,
580 2802 659 2852 utres
687 2793 843 2869 fregerunt
886 2803 956 2853 cunt
984 2792 1092 2851 Vlixen
1120 2802 1221 2851 natum
1250 2792 1346 2850 fuisse.
1394 2792 1443 2850 hic

291 2874 371 2934 uenti
385 2891 456 2932 uero
476 2875 573 2932 emissi
587 2873 695 2933 Vlixen
709 2874 746 2932 ad
761 2875 844 2932 Anti-
884 2875 994 2934 Aeolos
1005 2874 1083 2932 Vlixi
1094 2883 1198 2932 uentos
1209 2872 1351 2933 aduersos
1363 2874 1443 2933 dedit

291 2956 401 3031 phaten
427 2973 527 3031 regem
551 2955 775 3032 Laestrigonum
798 2975 843 3015 re·
884 2958 914 3016 in
928 2958 1039 3016 utribus
1058 2957 1186 3014 inclusos
1196 2975 1204 3027 ;
1227 2965 1338 3014 etcum
1354 2973 1443 3031 prope

291 3044 443 3095 torserunt.
485 3035 586 3095 Vlixes
602 3046 699 3096 autem
714 3038 792 3096 misit
806 3038 843 3096 ad
884 3038 1006 3114 patriam
1042 3055 1126 3096 suam
1161 3038 1290 3096 uenisset
1318 3038 1442 3096 comites

291 3135 360 3175 eum
372 3125 430 3174 tres
445 3118 586 3190 comites;
607 3118 654 3177 ille
668 3136 739 3177 uero
753 3136 845 3176 unum
887 3121 949 3178 eius
970 3118 1103 3178 uidentes
1124 3128 1202 3177 utres
1224 3118 1328 3195 plenos
1348 3128 1377 3176 et
1391 3136 1442 3194 pe-

291 3197 414 3256 occidit:
437 3197 495 3256 duo
514 3216 585 3257 uero
600 3199 736 3274 fugerunt
755 3200 845 3260 cladis
882 3201 1003 3260 cuniam
1022 3202 1099 3260 intus
1121 3218 1185 3258 esse
1205 3208 1341 3276 putantes
1357 3199 1442 3258 Vlixe

276 3279 393 3350 ¹nundi,
421 3277 526 3336 deinde
553 3296 738 3357 congregans
765 3300 845 3340 exer·
887 3282 1050 3341 dormiente
1078 3299 1130 3341 eos
1159 3280 1355 3340 dissoluerunt
1390 3281 1443 3340 sed

291 3361 380 3419 citum
415 3360 522 3419 multos
551 3361 581 3418 in
604 3363 677 3419 mari
698 3362 844 3422 demersit.
885 3363 927 3422 nil
948 3365 1141 3422 inuenerunt:
1165 3363 1245 3422 uenti
1266 3373 1365 3420 autem
1384 3363 1442 3421 dis·

294 3440 331 3501 G.
882 3444 974 3504 soluti
987 3444 1104 3503 Vlixem
1125 3463 1142 3502 a
1162 3445 1255 3520 patria
1275 3463 1328 3502 sua
1350 3463 1443 3521 usque

333 3520 545 3598 Laestrygones
554 3522 655 3599 populi
664 3522 845 3600 Campaniae
887 3527 925 3585 ad
946 3544 1070 3602 regnum
1089 3525 1226 3584 Antiiatis
1242 3524 1443 3601 Laestrigonis

291 3604 493 3663 immanissimi
515 3604 643 3663 humana
662 3623 750 3664 carne
764 3606 845 3665 uicti·
884 3608 937 3666 ‘filii
951 3608 1131 3684 depulerunt.
1153 3606 1255 3666 Vlixes
1271 3618 1370 3665 autem
1385 3617 1442 3666 tres

291 3694 394 3746 tentes,
445 3685 550 3744 horum
588 3705 639 3745 rex
675 3686 727 3745 fuit
761 3689 845 3746 Anti·
888 3690 1027 3748 comitum
1043 3707 1160 3748 suorum
1180 3689 1219 3747 ad
1238 3707 1305 3746 eum
1320 3689 1398 3746 misit
1412 3697 1443 3746 ut

291 3767 394 3845 phetes
409 3768 458 3854 qui
473 3767 607 3845 Vlyssem
622 3769 652 3826 in
666 3767 743 3827 littus
759 3787 845 3828 suum
881 3789 939 3829 eos
953 3771 992 3830 ibi
1006 3770 1185 3847 permitteret
1199 3769 1347 3846 hospitari.
1390 3769 1444 3829 sed

329 3984 389 4045 385.
406 3978 550 4032 uoratiaG
620 3978 794 4033 sotiorumG
865 3980 927 4032 Silla
940 3981 1010 4035 Cbis
1073 3981 1101 4033 in
1113 3980 1166 4034 lrec
1179 3984 1208 4035 C.

326 4056 387 4116 387.
406 4049 500 4102 oblato
513 4050 536 4102 C
604 4055 635 4102 ut
648 4049 686 4102 ait
699 4050 813 4103 Ouidius
825 4052 866 4104 M.
880 4051 954 4105 XIV.
969 4069 1020 4104 200
1033 4072 1085 4121 sqq.

329 4125 388 4185 388.
408 4120 529 4173 EolusG
608 4121 773 4174 acrisiumG
846 4121 966 4174 ‘eolusG
1045 4122 1109 4174 sotii
1121 4123 1201 4176 suiG
1279 4121 1443 4176 dimersitG

291 4191 402 4244 eolusC
471 4189 634 4259 procuiusC
710 4190 778 4243 filius
791 4189 843 4244 fuit
856 4191 1105 4246 olertess-lauertis
1117 4193 1206 4247 acrisii
1220 4193 1332 4246 acrisius
1346 4193 1446 4262 eolyG

290 4261 455 4314 aetoliamG
505 4261 604 4314 laertes
617 4259 685 4313 filius
697 4261 775 4313 ulixis
787 4267 886 4328 putans
900 4262 927 4315 C»
979 4262 1023 4315 hic
1037 4263 1138 4317 edosC
1199 4265 1309 4332 proprie
1322 4265 1441 4332 patriam

291 4331 314 4383 C
365 4333 492 4384 uteresC
561 4332 661 4384 Scholia
674 4334 710 4384 sic
721 4333 836 4400 explices.
873 4335 955 4386 Pater
967 4335 1069 4387 Arcesii
1080 4345 1127 4387 aut
1140 4334 1264 4404 Cephalus
1279 4336 1360 4404 (Hyg.
1374 4333 1437 4402 189)

250 4421 253 4428 ⁴
286 4412 337 4453 ,aut
354 4401 447 4454 Cilleus
466 4400 506 4456 uel
523 4401 607 4454 Celeus
634 4402 714 4454 Schol.
729 4405 786 4456 Ven.
799 4403 831 4456 Il.
846 4405 882 4455 II.
899 4420 957 4469 173,
971 4406 1032 4470 631,
1045 4406 1168 4459 Eustath.
1184 4421 1232 4470 307
1247 4407 1373 4474 Κεφάλου
1391 4406 1443 4476 γὰρ

292 4470 399 4537 Κηλεὺς,
411 4469 441 4523 οὗ
453 4469 596 4539 Ἀρκέσιος,
609 4493 638 4524 ου
653 4473 772 4541 Λαέρτης,
786 4471 816 4526 οὗ
827 4471 994 4542 Ὀδυσσεύς).
1031 4475 1136 4544 Cephali
1145 4487 1220 4544 pater
1233 4478 1322 4542 Deion,
1336 4477 1443 4529 Deionis

289 4541 393 4598 Aeolus.
429 4543 510 4595 Sedet
522 4543 645 4615 Sisyphus,
658 4561 689 4594 ex
697 4555 774 4613 passe
787 4543 869 4598 Vlixis
875 4555 961 4614 pater,
965 4543 1041 4613 filius
1045 4547 1104 4613 fuit
1117 4547 1200 4601 Aeoli.
1254 4546 1443 4616 depuluerunt
