3296 5210
327 443 383 501 146
728 431 1076 496 COMMENTARIVS.

324 596 393 652 M.i.
406 607 466 666 577·
506 591 564 649 Sed
583 603 679 649 tamen
698 593 727 648 in
746 591 831 648 simili
849 593 913 648 loco
932 593 969 648 de
986 594 1069 648 leone
1089 594 1161 648 Plut.
1181 591 1217 648 de
1237 591 1344 650 Fluuiis
1361 593 1477 662 xviii4

322 684 408 738 quem
427 666 456 721 in
474 666 620 735 Apparatu
641 663 747 719 Critico
766 663 862 730 citaui,
880 666 1042 734 Apesantus
1060 664 1183 733 Argiuus
1204 664 1306 720 dicitur
1324 666 1421 734 ποιμήν
1440 687 1481 721 τις

321 744 380 792 τῶν
397 738 563 808 δγχωρίων,
582 745 613 790 ut
631 735 801 790 uocabulum
820 734 889 789 illud
907 752 942 790 ex
960 735 1062 790 eodem
1080 735 1159 791 fonte
1177 744 1206 790 et
1225 735 1346 791 Ouidius
1365 746 1394 791 et
1415 737 1479 790 Plu-

322 809 437 865 tarchus
456 805 597 877 potuerint
614 805 725 874 inferre,
738 805 762 860 si
779 816 856 860 recte
869 805 977 860 conieci
991 805 1039 859 hic
1051 806 1203 874 legendum
1215 824 1279 862 esse
1291 807 1318 860 Α
1317 811 1480 878 pesanteae.

322 881 395 934 500.
419 881 609 934 musone
627 893 664 932 an
681 875 822 946 Phayleae
839 877 995 931 eruendum
1014 875 1050 931 sit
1068 893 1103 931 ex
1122 888 1253 947 corrupto
1272 877 1403 932 codicum
1422 879 1479 932 Pa-

318 950 381 1022 pira
399 966 428 1004 ee
445 949 583 1004 incertum
602 957 652 1002 est.
694 947 833 1001 Fabulam
853 957 1000 1002 senuerunt
1020 947 1215 1003 scholiastae:
1240 965 1345 1003 nomen
1365 948 1479 1004 diuerse

322 1032 366 1076 tra
387 1021 449 1076 itur.
468 1019 629 1074 Antoninus
643 1017 779 1082 Liberalis
792 1016 839 1087 qui
854 1017 992 1072 Nicandri
1007 1019 1254 1088 Metamorphoses
1266 1029 1295 1074 et
1306 1020 1480 1074 Athanadae

323 1090 494 1146 Ambracica
512 1100 626 1144 secutus
644 1099 697 1158 est,
711 1089 883 1143 Phalaecum
902 1089 1026 1158 appellat
1045 1091 1115 1144 Met.
1128 1089 1163 1144 iv.
1194 1087 1318 1160 Ἄρτεμις
1336 1089 1365 1144 δὲ
1383 1091 1415 1143 τὸ
1433 1091 1481 1159 μὲν

324 1164 405 1217 νεῖκος
422 1161 547 1215 κατέπαυε
564 1160 595 1214 τδ
612 1160 678 1229 πρὸς
693 1161 739 1214 τὸν
750 1156 912 1226 Ἀπόλλωνα,
930 1157 991 1230 παρ’
1008 1160 1112 1214 ἑκόντος
1129 1157 1152 1213 δ’
1169 1157 1242 1228 ἠξίου
1258 1161 1304 1228 τὴν
1317 1158 1480 1229 Ἀμβρακίαν

322 1234 401 1302 ἔχειν·
420 1230 541 1302 epirotas
552 1231 604 1320 γδμ
615 1233 661 1298 τῆς
671 1232 773 1286 πόλεως
790 1230 854 1285 κατὰ
871 1232 1009 1300 πρόφασιν
1020 1227 1147 1298 τοιαύτην·
1173 1231 1216 1285 ὅτε
1228 1233 1358 1286 Φάλαικος
1372 1231 1479 1300 ε’τυράν·

322 1323 378 1357 νευε
390 1304 435 1370 τῆς
446 1304 556 1364 πόλεως,
565 1301 667 1356 ουδενδς
679 1301 756 1355 αῦτδν
767 1299 908 1370 δυναμένου
919 1302 983 1354 κατὰ
995 1299 1053 1356 δέος
1065 1300 1166 1355 ἀνελεῖν
1177 1301 1240 1368 αὕτη
1252 1306 1432 1371 κυνηγετοῦντι
1443 1301 1480 1373 τῷ

323 1375 443 1444 Φσλαέκφ
454 1373 586 1464 πμοφηναι
598 1369 713 1442 σκύμνον
728 1371 842 1438 λέοντος,
854 1372 1031 1434 ἀναλαβόντος
1050 1371 1077 1424 δέ
1095 1371 1131 1427 εἷς
1146 1372 1192 1427 τὰς
1204 1375 1293 1442 χεῖρας
1304 1372 1440 1442 ἐκδραμεῖν
1452 1372 1480 1426 ἐκ

322 1446 369 1511 τῆς
379 1440 444 1511 ὕλης
455 1464 501 1511 την
512 1441 618 1512 μητέρα,
632 1444 673 1496 καὶ
684 1445 891 1512 προσπεσοῦσαν
903 1439 1043 1534 άναρῇῆξαι
1054 1442 1087 1496 τὰ
1100 1441 1195 1511 στέρνα
1207 1447 1254 1497 τοῦ
1266 1444 1407 1511 Φαλαίκου,
1420 1442 1481 1500 τοῦς

323 1512 347 1570 δ’
364 1513 557 1585 Ἀμβρακιώτας
574 1513 735 1584 ἐκφυγόντας
751 1513 799 1580 *ἦν
819 1512 939 1567 δουλείαν
969 1519 1080 1582 Αρτεμιν
1098 1510 1243 1584 Ἡγεμόνην
1264 1514 1419 1580 ἱλάσασθαι,
1438 1515 1479 1568 καὶ

323 1584 512 1654 ποιησαμένους
523 1583 663 1656 ἀγροτέρης
675 1581 785 1650 εἴκασμα
795 1581 1017 1654 παραστήσασθαι
1029 1583 1141 1652 χάλκεον
1153 1583 1221 1654 αὐτῷ
1234 1584 1307 1650 θῆρα.
1340 1585 1479 1640 Aelianus

326 1658 364 1711 11.
378 1657 414 1711 A.
426 1655 472 1712 xii.
485 1671 521 1723 40
533 1656 672 1724 Phaylum
684 1653 821 1709 nominat.
914 1657 985 1710 503.
1003 1656 1086 1715 Qui.
1100 1695 1107 1709 .
1121 1667 1198 1718 aper
1209 1654 1274 1708 talis
1287 1672 1363 1724 aper,
1378 1655 1478 1725 qualis.

325 1728 477 1782 Notandus
490 1726 537 1781 hic
548 1743 616 1780 usus
629 1724 748 1780 relatiui.
785 1724 833 1779 Sic
845 1740 901 1793 quo
913 1725 976 1778 orbe
990 1725 1048 1793 588.
1117 1728 1318 1790 Lycurgiden
1330 1727 1479 1780 Ancaeum

323 1800 519 1866 Argonautam
530 1798 575 1850 τὸν
587 1796 634 1864 μέν
645 1794 678 1864 ῥα
689 1795 773 1864 πατὴρ
787 1798 933 1864 Λυκόοργος
944 1795 1041 1863 ἔπεμπε
1052 1795 1105 1864 Ap.
1117 1797 1151 1850 R.
1166 1794 1182 1850 i.
1198 1796 1260 1863 164:
1281 1798 1357 1866 Hyg.
1371 1811 1403 1863 14
1416 1797 1478 1850 An·

274 1883 279 1894 ’
322 1885 405 1922 cacus
416 1869 543 1937 Lycurgi
544 1865 637 1938 filius,
650 1867 749 1920 ali'ine
785 1871 840 1920 tem
852 1863 959 1932 dicunt,
975 1865 1113 1937 Tegeates,
1125 1867 1158 1920 cf.
1174 1867 1232 1934 138.
1267 1867 1346 1922 Grat.
1361 1869 1431 1935 Cyn.
1444 1867 1480 1921 66

313 1939 372 2008 flet
382 1937 476 1992 adium
488 1944 516 1991 et
528 1941 618 2008 porro
626 1937 711 2006 flebit
752 1937 840 1990 dom'n
858 1937 937 1991 Victa
954 1937 1044 1990 Venus
1059 1937 1210 2006 ceciditque
1224 1938 1286 1991 suis
1297 1938 1430 1991 Ancaeus
1447 1939 1480 1991 in

324 2010 415 2062 armis
431 2009 467 2063 Vt
473 2009 715 2078 praedestererat
746 2009 901 2076 eminisque
910 2007 1052 2061 securibus
1063 2009 1169 2079 ingens.
1208 2007 1266 2062 Hic
1282 2025 1327 2077 ap.
1342 2007 1478 2062 Ouidium

326 2080 366 2133 M.
385 2078 441 2133 viii.
459 2093 508 2148 391
530 2079 688 2148 bipennifer
702 2023 797 2132 ,θῦσαι
815 2077 913 2143 audit3
938 2095 956 2132 a
978 2077 1135 2147 Calydonio
1154 2094 1223 2148 apro
1242 2077 1405 2133 interfectus
1425 2089 1477 2135 est.

324 2149 502 2221 Lycurgiden
522 2157 533 2203 i
553 2149 692 2218 producta
713 2148 834 2203 Ouidius
856 2148 1003 2218 scripsisse
1027 2159 1143 2218 propter
1166 2159 1315 2203 accentum
1337 2150 1479 2204 Graecum

324 2229 409 2273 Aaron
445 2220 500 2287 ι’δης
518 2219 630 2274 αἰδοῖος
650 2219 739 2273 Birtio
761 2219 797 2274 de
819 2218 987 2274 Halieuticis
1007 2235 1034 2288 p.
1055 2219 1113 2286 116,
1133 2219 1180 2288 qui
1203 2229 1349 2289 comparat
1367 2221 1479 2274 Belides

318 2295 474 2362 pomptus,
485 2290 587 2361 quibus
600 2290 812 2345 adcensendum
825 2300 868 2345 est
880 2289 1038 2356 Coronides,
1048 2289 1102 2343 nisi
1116 2290 1171 2343 hoc
1183 2307 1201 2344 a
1212 2291 1352 2344 Coroneus
1361 2291 1479 2345 ductum

324 2370 375 2417 est.
447 2364 567 2417 letarut.
606 2362 645 2416 M.
659 2360 714 2414 viii.
729 2375 783 2428 400
801 2362 922 2415 Summa
931 2361 1018 2430 s‘erus
1030 2362 1159 2430 geminos
1176 2361 1284 2416 direxit
1300 2362 1340 2415 ad
1355 2363 1480 2432 inguina

322 2433 424 2488 dentes.
462 2433 591 2488 Coruidit
606 2432 746 2499 Ancaeus,
760 2431 974 2502 glomerataque
993 2433 1133 2502 sanguine
1153 2432 1243 2485 multo
1265 2433 1376 2486 Vr'scera
1396 2433 1480 2502 lapsa

312 2504 426 2572 fluunt,
441 2503 649 2573 madefactaque
666 2508 744 2556 terra
760 2519 858 2556 errrore
872 2507 919 2556 est.
956 2503 1057 2556 Letare
1068 2501 1158 2556 ran'us
1175 2501 1323 2570 inuenitur,
1339 2504 1380 2557 M.
1392 2501 1430 2557 iii.
1446 2514 1478 2572 55

322 2575 466 2644 letataque
476 2578 594 2644 corporo
606 2573 689 2627 uidet.
726 2572 883 2627 Pausanias
893 2571 950 2626 viii.
959 2585 992 2641 45
1007 2571 1075 2626 dicit
1085 2575 1198 2641 Tegeae
1211 2572 1239 2626 in
1253 2572 1367 2640 fastigio
1379 2573 1478 2643 templi

324 2647 453 2700 Athenes
465 2646 554 2700 Aleae
573 2644 743 2714 insculptam
760 2643 846 2698 luisse
864 2642 1045 2697 uenationem
1064 2640 1231 2712 Calydonii;
1253 2644 1282 2697 in
1301 2643 1346 2697 his
1358 2641 1480 2712 Ἀγκαῖον

323 2715 418 2785 ἔχοντα
430 2715 476 2782 ἤδη
489 2712 620 2783 τραύματα
633 2715 673 2767 καὶ
685 2712 784 2783 άφέντα
796 2715 842 2768 τδν
853 2714 963 2768 πέλεκυν
974 2713 1073 2781 ἀνέχων
1085 2711 1291 2783 &medumque
1365 2719 1480 2770 arbore

323 2792 435 2840 nutum
447 2785 570 2853 Adonin,
581 2784 668 2839 filium
682 2783 820 2854 Smymae
833 2801 906 2854 quae
914 2788 1000 2854 patre
1011 2785 1145 2838 nesciente
1156 2788 1212 2854 per
1221 2786 1360 2839 nutricem
1372 2801 1480 2840 cumea

323 2857 477 2923 concubuit,
487 2873 585 2926 euque
594 2857 734 2926 concepit,·
745 2856 829 2924 idque
838 2872 873 2908 ne
880 2856 981 2924 palam
985 2855 1071 2924 fieret
1076 2856 1188 2925 pudore
1195 2856 1345 2909 stimulata
1353 2857 1385 2909 in
1394 2857 1480 2910 siluis

323 2945 352 2980 se
364 2927 478 2981 abdidit.
515 2928 596 2981 cuius
613 2928 704 2980 Venus
715 2930 813 2996 postea
825 2927 941 2979 miserta
952 2931 993 2978 est
1003 2931 1031 2978 et
1041 2927 1074 2978 in
1084 2927 1200 2995 spece'em
1213 2927 1322 2994 arboris
1333 2943 1394 2979 corn
1406 2943 1479 2981 com·

325 2999 458 3064 mutauit,
471 2998 545 3050 unde
555 2996 757 3066 myrrlrafluit,
769 3014 806 3050 er
815 3013 873 3066 qua
884 3001 970 3050 natus
981 3001 1022 3050 est
1032 2995 1152 3065 Adonis,
1165 2998 1218 3066 qui
1230 2998 1332 3050 matres
1340 3001 1449 3067 poenas
1460 3017 1480 3052 α

329 3069 430 3122 Venere
441 3072 484 3120 est
493 3069 634 3120 insecutus
648 3069 723 3137 Hyg.
737 3068 778 3190 ηδ.
817 3066 890 3121 Βὶοα
903 3066 967 3120 Eid.
982 3065 999 3121 i.
1013 3077 1029 3132 7
1043 3064 1343 3122 sarracenorumve
1359 3067 1386 3121 ἐν
1398 3067 1479 3136 ὤρεσι

324 3139 405 3206 μηρδν
417 3136 513 3199 ὀδόντι,
526 3141 613 3218 Λευκῷ
629 3137 736 3206 μηρδνό
754 3140 808 3191 όυτι
823 3134 916 3192 τυπείς.
988 3139 1060 3192 504.
1078 3140 1213 3192 Idmona
1225 3154 1290 3191 cum
1302 3137 1435 3192 Adonide
1449 3149 1479 3194 et

324 3210 442 3262 Ancaeo
455 3217 583 3261 recenset
600 3217 673 3262 mter
691 3225 740 3263 eos
760 3207 806 3278 qui
826 3208 862 3262 ab
880 3224 949 3277 apro
961 3207 1087 3276 percussi
1099 3207 1264 3263 interierunt
1279 3209 1410 3278 Hyginus
1425 3211 1479 3275 248

323 3279 425 3332 Idmon
437 3278 585 3348 Apollinis
594 3279 680 3349 filius
696 3281 750 3348 qui
764 3284 981 3332 stramentatum
998 3279 1107 3332 eximat
1123 3295 1187 3333 cum
1202 3279 1383 3350 Argonautis
1400 3280 1484 3349 apud

324 3350 431 3416 Lycum
444 3365 544 3419 regem.
580 3350 668 3403 Vates
680 3349 731 3404 luit
741 3350 976 3418 Argonautarum,
986 3347 1163 3416 μαντοσύνῃσι
1176 3347 1330 3418 κεκασμένος
1341 3351 1393 3419 Ap.
1404 3352 1437 3404 R.
1449 3349 1479 3405 ii.

326 3420 386 3486 818,
397 3419 542 3489 latumque
554 3418 608 3473 sibi
621 3419 679 3474 iam
691 3429 757 3474 ante
770 3429 951 3489 prospexerat
966 3417 1030 3489 (Ap.
1042 3421 1076 3474 R.
1086 3418 1102 3474 i.
1117 3434 1167 3486 140
1179 3419 1275 3474 δεδαὼς
1286 3421 1332 3474 τὸν
1343 3421 1385 3474 ἑὸν
1396 3423 1480 3490 μόρον

325 3489 455 3543 οἰωνοῖσιν
461 3487 533 3544 *Hie
557 3492 632 3559 Hyg.
644 3505 675 3556 14
685 3491 825 3560 Quamuis
834 3490 1057 3560 praedurantibus
1065 3491 1167 3544 ouibus
1178 3495 1295 3544 mortem
1307 3491 1363 3544 sibi
1372 3492 1479 3545 denum

324 3562 399 3614 tiarc'
414 3561 561 3628 intellexit,
571 3562 667 3631 sutoli
685 3568 779 3615 tamen
800 3562 921 3616 militiae
941 3577 998 3614 non
1018 3561 1116 3630 defuit
1156 3561 1217 3616 Vai
1240 3563 1271 3616 F.
1292 3560 1309 3615 i.
1329 3561 1382 3629 360
1401 3563 1481 3616 adest

324 3633 458 3702 quamuis
469 3632 626 3686 arcentibus
637 3632 738 3686 Idmon
747 3632 895 3696 Alitibns‚·
909 3633 960 3686 sed
968 3636 1052 3702 turpe
1063 3633 1128 3685 uiro
1140 3633 1268 3685 timuisse
1270 3631 1391 3702 fictura)
1402 3633 1479 3688 unde

325 3705 430 3756 audax
442 3702 488 3757 hic
501 3702 609 3758 dicitur.
649 3705 773 3758 Mortem
786 3702 846 3757 eius
858 3703 895 3757 ab
915 3718 984 3772 apro
1001 3701 1078 3771 apud
1092 3701 1298 3770 Mariandynos
1314 3712 1411 3757 narrat
1423 3706 1477 3772 Ap.

326 3775 361 3829 R.
375 3773 401 3828 ii.
416 3773 545 3841 817-836.
583 3773 673 3828 Aliter
684 3774 746 3828 Val.
761 3775 793 3828 F.
806 3792 832 3828 v.
846 3788 871 3841 2,
884 3787 909 3841 3,
924 3774 989 3828 Sen.
1004 3772 1082 3826 Med.
1095 3773 1155 3841 652,
1167 3787 1191 3841 3.
1227 3779 1355 3838 rumpat
1374 3773 1479 3828 ‘rendi

325 3845 389 3898 Am.
410 3843 448 3898 iii.
467 3859 492 3913 9.
510 3844 542 3898 16
560 3844 596 3899 de
615 3843 747 3898 Adonide
768 3844 861 3912 Quom
879 3845 980 3898 iuueni
995 3845 1077 3913 rupit
1093 3861 1157 3898 cum
1172 3844 1258 3913 ferus
1275 3845 1382 3913 inguen
1400 3847 1477 3914 oper.

326 3915 475 3969 Turnebus
495 3914 613 3969 Aduers.
634 3914 705 3969 xxiv.
726 3930 757 3968 21
780 3924 926 3985 comparat
942 3916 1091 3985 frangere,
1112 3923 1143 3968 ut
1163 3913 1192 3967 in
1216 3915 1286 3968 Hor.
1306 3916 1337 3970 C.
1356 3913 1373 3970 i.
1387 3929 1429 3982 23.
1446 3930 1478 3969 10

325 3987 393 4040 Non
405 4002 455 4057 ego
467 3991 493 4039 te
504 3988 591 4055 tigres
602 3991 636 4039 ut
646 3989 747 4055 aspera
761 3986 932 4040 Gaetulusue
943 3986 985 4040 leo
988 3986 1129 4057 frangere
1136 3989 1296 4055 persequor.
1405 3988 1477 4039 505.

325 4060 421 4120 Isque
439 4073 508 4126 aper
525 4059 578 4110 uel
595 4059 750 4110 exanimis
762 4055 849 4110 etiam
861 4065 988 4111 mortuus
1000 4059 1097 4111 faeiat
1114 4057 1175 4110 tibi
1192 4059 1312 4110 uulnus
1323 4055 1477 4110 incidendo

326 4126 355 4181 in
369 4137 452 4197 caput
467 4129 562 4181 utini
574 4126 680 4180 lactum
693 4136 735 4181 est
749 4127 849 4181 uulnus
864 4128 987 4196 (Driger
999 4126 1017 4180 i.
1029 4144 1077 4197 pp.
1087 4141 1148 4194 203,
1162 4125 1234 4194 204).
1314 4125 1385 4183 506.
1406 4130 1477 4184 Ore..
1504 4145 1507 4151 ·

327 4197 412 4252 Diod.
434 4197 469 4252 iv.
493 4211 526 4251 22
550 4196 684 4251 Ἐντεῦθεν
708 4197 736 4250 δὲ
760 4195 897 4264 ἀναζεύξας
921 4197 1063 4266 κατήντησε
1086 4199 1132 4265 τῆς
1155 4184 1369 4251 Ποσειδαῦιατῶν
1391 4199 1478 4268 χώρας

325 4269 390 4335 πρός
407 4290 463 4322 τινα
479 4268 583 4338 πέτραν,
595 4269 660 4336 πρδς
676 4264 694 4334 ᾖ
710 4267 904 4339 μυθολογοῦσιν
919 4266 986 4321 ἰ’διόν
1003 4289 1028 4321 τι
1044 4266 1166 4339 γενέσθαι
1183 4269 1224 4320 καὶ
1235 4267 1391 4390 παράδοξον.
1427 4273 1478 4322 τῶν

325 4338 377 4406 γὰρ
388 4338 520 4408 ἐγχωρίων
531 4339 587 4392 τινὰ
600 4341 708 4408 κυνηγὸν
720 4339 747 4392 έν
759 4341 813 4393 τοῖς
825 4339 889 4392 κατὰ
901 4338 946 4406 τὴν
956 4337 1035 4407 θήραν
1047 4336 1259 4409 ἀνδραγαθήμασι
1286 4337 1478 4408 ιωνομασμένον

325 4406 413 4529 εἠὺμέν
426 4411 480 4530 ηὲῐς
496 4408 643 4532 ἔμπροῖθεν
654 4411 758 4533 χρόηηρς
776 4407 958 4533 εἷωέέναιὶτῶν
969 4409 1233 4533 ληηὶθέντωνθθημέωδν
1250 4409 1296 4509 τὰς
1308 4410 1425 4532 κερδαλέης
1437 4409 1478 4502 xpi

326 4499 574 4620 imiliificliil
583 4500 905 4622 §liliacli‘liiii‘
924 4500 1409 4622 itt”ill.;2;t..tt.t‘t..t“u
1432 4501 1479 4620 tt
