3312 5200
581 457 928 521 COMMENTARIVS.
1271 461 1330 522 133

172 621 228 668 tus
240 611 377 670 exhibuit.
420 616 488 670 399.
501 616 782 670 Fraterutdntssi
792 613 908 670 Busiris.
929 615 1054 685 Vterque
1064 612 1140 670 enim
1149 632 1182 670 ex
1193 617 1331 687 Neptuno

173 685 323 753 procreati.
361 701 424 749 quo
443 690 595 751 sangiune
613 689 724 740 debuit
736 703 796 754 su0,
808 703 866 739 non
879 685 997 740 aliorum
1011 702 1081 755 quos
1095 686 1259 743 innocentes
1273 705 1331 742 nou

172 756 309 809 debuerat
319 765 453 811 mactare.
539 760 613 823 400.
631 760 783 821 exemplis
801 760 916 811 oooidit
932 760 1001 821 ipse
1019 760 1094 812 sins
1132 757 1179 812 Sic
1196 759 1331 814 sacerdos

175 827 364 881 Nemorensis
373 829 583 897 peritexemplo
592 830 709 896 quisque
720 844 771 880 suo
785 829 816 882 F.
827 827 865 881 iii.
875 840 926 893 272
937 843 1001 881 cum
1011 826 1058 897 qui
1068 837 1112 882 est
1122 828 1243 898 priorem
1257 847 1331 884 sem·

174 913 226 965 per
239 897 375 951 occiderit
388 907 473 968 atque
485 898 546 967 ipse
559 908 659 967 postea
671 899 708 952 ab
721 898 777 951 alio
790 897 941 952 occidatur.
1007 902 1077 952 401.
1095 902 1151 963 qui
1164 899 1330 956 Diomedes

174 983 308 1032 gramen
325 971 518 1023 habentibus
534 972 642 1024 herbis
655 969 757 1039 quibus
770 967 843 1023 inest
856 984 972 1037 gramen
986 967 1143 1038 (Saluagn.)
1180 972 1274 1025 Burm.
1289 981 1330 1025 at·

175 1037 240 1092 tulit
254 1041 296 1093 M.
309 1038 326 1093 i.
340 1039 391 1107 633
404 1045 497 1092 terrae
508 1056 565 1093 non
578 1044 689 1109 semper
698 1055 820 1110 gramen
836 1039 956 1093 babenti.
994 1041 1119 1094 Gramen
1137 1039 1184 1094 hic
1202 1051 1245 1095 est
1264 1059 1332 1096 esca

175 1125 315 1178 equorum
327 1119 357 1163 ut
373 1112 413 1164 M.
423 1109 459 1164 iv.
470 1123 529 1178 215.
592 1113 664 1166 402.
685 1112 752 1165 Her.
766 1110 800 1163 ix.
812 1110 845 1176 67
859 1111 943 1163 crudi
952 1110 1098 1164 Diomedis
1109 1111 1204 1183 imago
1215 1113 1332 1181 Effer-trs

175 1178 306 1232 humana
317 1182 370 1248 qui
378 1182 451 1250 dape
458 1182 547 1250 pauit
557 1198 651 1250 equas.
720 1184 792 1234 403.
809 1184 936 1235 uindice
951 1181 1081 1236 Hercule.
1135 1227 1137 1234 .
1160 1185 1233 1236 404.
1251 1187 1331 1238 Nes-

175 1266 233 1304 sus
248 1254 484 1316 Dexamenique
501 1268 597 1317 gener
615 1253 689 1320 Hyg.
703 1266 734 1319 31
752 1252 925 1305 Centaurum
936 1252 1059 1305 Nessum
1075 1253 1153 1320 quod
1160 1254 1332 1307 Deianiram

175 1322 289 1375 uiolare
307 1323 408 1390 uoluit,
421 1324 528 1377 occidit.
563 1323 751 1392 Eurytionem
765 1323 947 1390 Centaurum,
965 1323 1042 1390 quad
1054 1323 1224 1377 Deianiram
1236 1325 1330 1378 Dexa-

175 1393 255 1444 meni
257 1393 357 1461 filiam
369 1397 511 1460 speratam
522 1410 604 1446 suam
617 1410 732 1446 uxorem
740 1395 827 1462 petiit
838 1394 943 1446 accedit.
971 1393 1108 1461 Eurytion
1118 1394 1331 1463 generdicitur,

176 1462 255 1532 quod
270 1465 452 1518 Dexamenus
466 1465 527 1516 uim
539 1464 599 1518 eius
612 1465 713 1517 timens
724 1465 873 1533 pollicitus
888 1468 930 1517 est
945 1479 974 1517 se
991 1464 1128 1516 daturum
1146 1465 1331 1519 Deianiram:

176 1543 264 1602 atque
275 1532 336 1602 ipse
345 1534 482 1602 Eurytion
490 1536 536 1588 die
545 1536 695 1588 constituto
704 1536 783 1588 uenit
791 1534 1176 1604 cumfratribusadnupteas,
1185 1545 1332 1605 tamquam

176 1621 243 1658 eam
261 1604 394 1658 ducturus
410 1607 484 1674 Hyg.
498 1620 540 1672 33.
646 1607 787 1659 405-412
805 1605 842 1660 ab
862 1605 985 1659 Hercule
1004 1603 1105 1658 transit
1123 1604 1161 1658 ad
1179 1607 1331 1660 Theseum.

177 1676 318 1729 Narrarat
337 1675 373 1729 de
392 1675 542 1744 Peripheta
562 1673 660 1730 Sinide
680 1673 796 1730 Scirone
811 1676 956 1744 Cercyone
974 1675 1165 1744 Polypemone
1185 1675 1245 1730 siue
1265 1678 1332 1730 Pro-

177 1756 276 1799 crusta
297 1746 488 1800 Callimachus
510 1746 539 1799 in
563 1747 679 1814 Hecale,
700 1755 730 1800 ut
751 1756 828 1801 retur
849 1745 1039 1801 Schneiderus
1059 1745 1167 1800 Callim.
1182 1746 1210 1802 ii.
1229 1764 1255 1816 p.
1274 1747 1331 1802 186.

175 1819 249 1870 405.
275 1833 441 1881 pronepos,
464 1821 607 1881 Saturne,
628 1823 705 1871 tuus
729 1817 885 1886 Corynetes
908 1817 954 1870 uel
980 1815 1143 1885 Periphetes
1170 1818 1332 1888 (Hesych.),

178 1886 252 1941 lilius
270 1887 390 1941 Vulcani
412 1888 552 1956 (Apollod
571 1887 663 1941 iii.16.
682 1903 704 1956 1,
724 1888 807 1942 Paus.
823 1887 850 1942 ii.
869 1903 889 1941 1.
902 1901 928 1954 4,
949 1888 1025 1956 Hyg.
1041 1889 1098 1956 158,
1120 1890 1189 1943 Met.
1203 1887 1249 1943 vii.
1266 1889 1331 1958 437)

177 1959 225 2012 uel
239 1957 367 2027 Neptuni
382 1960 469 2026 (Hyg.
482 1959 536 2026 38),
550 1958 597 2029 qui
610 1959 696 2012 ambo
708 1975 744 2012 ex
757 1961 834 2027 loue,
851 1958 908 2012 filio
921 1957 1042 2012 Saturni.
1098 1975 1191 2022 quem
1203 1962 1334 2014 reddere

177 2033 282 2082 uitam
294 2028 436 2097 exspirare
450 2029 542 2099 (Lucr.
553 2029 588 2083 vi.
603 2029 678 2098 1198,
693 2030 762 2082 Met.
772 2048 797 2084 re
808 2030 880 2097 203).
952 2031 1023 2082 400.
1044 2031 1216 2084 Coronides
1227 2032 1334 2084 Aescu·

179 2099 281 2168 lapius,
303 2099 376 2152 filius
391 2101 534 2169 nymphae
553 2099 702 2154 Coronidis
717 2099 811 2168 (Paus.
826 2099 853 2154 ii.
867 2099 909 2154 26.
923 2099 948 2168 6,
963 2101 1000 2153 H.
1016 2101 1101 2153 Hom.
1119 2101 1157 2154 16.
1172 2102 1210 2169 2).
1245 2105 1334 2156 Vrbe

177 2174 264 2224 uidit
276 2174 316 2224 ab
328 2174 397 2234 ipse
410 2187 468 2225 sua
481 2170 633 2240 Epidauro.
670 2171 801 2239 Apollod.
816 2170 853 2223 iii.
867 2171 905 2225 16.
920 2185 930 2224 1
946 2175 1054 2237 Πρῶτον
1066 2171 1113 2239 μὲν
1125 2169 1170 2224 οὖν
1182 2173 1334 2241 Περιφήτην

178 2241 384 2310 τὸνἩφαίστου
396 2242 436 2293 καὶ
445 2241 601 2295 Ἀντικλείας
613 2241 641 2295 ὃς
652 2239 703 2293 sind
714 2243 759 2308 τῆς
772 2241 878 2311 κορύνης
890 2238 921 2308 ἦν
929 2241 1019 2310 ἐφόρει
1028 2240 1172 2310 Κορυνήτης
1184 2242 1334 2303 ἐπεκαλεῖτο

179 2312 290 2365 ἔκτεινεν
302 2311 330 2365 ε’ν
341 2309 496 2382 Ἐπιδαύρῳ·
514 2312 595 2367 πόδας
607 2313 634 2364 δὲ
646 2310 763 2367 ἀσθενεῖς
776 2313 843 2381 ἔχων
855 2309 930 2366 οὗτος
946 2312 1035 2380 ἐφόρει
1051 2309 1158 2378 κορύνην
1171 2312 1286 2379 σιδηρᾶν,
1300 2310 1334 2366 δι’

179 2380 210 2450 ἦς
227 2382 288 2438 τούς
305 2381 442 2450 παριόντας
460 2383 561 2436 ἔκτεινε.
591 2381 685 2445 ταύτην
701 2381 864 2451 ἀφελόμενος
882 2381 983 2445 Θησεύς
1001 2381 1100 2449 ἐφόρει.
1140 2384 1208 2437 Met.
1222 2382 1267 2438 vii.
1280 2383 1336 2451 436

185 2454 282 2508 Tellus
302 2453 469 2523 Epidauria
485 2456 542 2522 per
560 2459 587 2508 te
608 2454 789 2524 Clauigeram
812 2454 888 2507 ur'ela't
910 2453 1031 2505 Vulcani
1046 2453 1201 2506 occumbere
1213 2454 1334 2523 prolem.

182 2527 354 2579 Coronides
375 2535 404 2578 et
427 2527 558 2578 reddere
576 2528 678 2578 uitam
699 2523 818 2577 Ouidius
840 2522 969 2576 similiter
989 2521 1133 2576 coniunxit
1154 2525 1185 2576 F.
1206 2523 1241 2578 vi.
1263 2537 1335 2590 744-

181 2608 196 2662 7
210 2595 389 2665 Hippolytus
400 2596 491 2649 lacero
503 2599 616 2665 corpore
631 2597 733 2664 raptus
746 2600 816 2662 erat,
829 2594 1054 2662 Reddideratque
1069 2595 1194 2647 animam
1210 2597 1335 2649 multum

180 2667 352 2736 indignante
374 2667 480 2719 Diana.
507 2667 609 2734 Nulla,
633 2666 791 2734 Coronules,
815 2681 900 2719 causa
923 2665 1037 2732 doloris,
1061 2666 1112 2732 ait,
1131 2665 1265 2734 Namque
1282 2667 1336 2735 pio

180 2739 284 2790 iuueni
301 2739 392 2790 uitam
411 2738 472 2790 sirm
490 2738 607 2790 uulnere
627 2737 749 2790 reddam.
793 2737 837 2789 An
858 2744 889 2789 ut
910 2735 966 2789 illic
986 2733 1051 2789 lusit
1072 2734 1100 2788 in
1122 2735 1227 2804 duplici
1248 2753 1335 2790 sensu

180 2809 318 2862 reddendi
329 2809 428 2874 uitam,
442 2806 483 2861 sic
495 2807 542 2861 hic
555 2807 583 2861 in
598 2808 735 2862 Coronide
747 2807 840 2861 allusit
853 2806 890 2860 ad
904 2807 928 2860 C
927 2807 1080 2875 oryneten?
1118 2806 1158 2860 Cf.
1172 2808 1226 2860 teli
1233 2823 1335 2878 genus,

186 2879 342 2948 Telegonus
356 2878 414 2946 567.
515 2881 586 2934 407.
605 2881 690 2932 Sinis
702 2878 867 2949 plerumque
879 2876 956 2931 idem
969 2885 1012 2930 est
1025 2875 1072 2946 qui
1085 2878 1281 2947 Πιτυοκάμπτης
1294 2877 1336 2930 di-

182 2948 263 3018 citur,
276 2949 341 3004 uide
353 2963 424 3017 409:
443 2949 494 3003 sed
513 2949 546 3003 cf.
561 2950 692 3004 Eustath.
709 2950 758 3018 158
774 2949 808 3003 ὧς
825 2948 853 3000 δὲ
871 2948 912 3000 καὶ
924 2948 991 3002 Σίνις
1004 2949 1101 3002 Σίνιδος
1115 2944 1225 3018 ὕστερον
1237 2949 1337 3016 λῃστὴς

183 3020 245 3090 δίχα
256 3023 303 3072 τοῦ
315 3023 339 3086 τ,
349 3021 376 3072 ai
389 3020 501 3089 ίστορίαι
514 3019 625 3087 δηλοῦσι
637 3019 806 3089 περιᾴδουσαι
819 3017 860 3070 καὶ
872 3018 957 3086 αὐτόν,
965 3017 1030 3071 καθὰ
1043 3019 1083 3071 κοί
1095 3019 1140 3072 τδν
1156 3019 1282 3087 Σκείρωνα
1295 3020 1337 3073 καί

182 3092 228 3145 τὸν
237 3091 435 3157 Πιτυοκάμπτην
448 3089 489 3143 καί
501 3091 547 3144 τόν
559 3091 644 3143 Κάκον
656 3093 697 3144 καὶ
708 3089 843 3150 τὸνΛίβυν
851 3086 968 3142 Ἀνταῖον
980 3089 1020 3142 καὶ
1032 3088 1092 3144 τοὺς
1103 3088 1243 3145 τοιούτους.
1267 3092 1335 3145 Eur.

184 3161 273 3230 Hipp·
288 3173 339 3229 977
353 3161 391 3214 oi
403 3160 562 3230 μαρτυρήσει
574 3159 600 3228 μ’
606 3158 751 3227 Ἴσθμιος
764 3157 845 3214 Σίνις
856 3181 920 3214 ποτε
932 3161 1039 3213 Κταυεῖν
1050 3160 1149 3228 ἔαυτόν,
1162 3177 1235 3230 quae
1248 3161 1337 3215 uerba

183 3242 250 3286 sunt
262 3230 374 3286 Thesei.
442 3235 553 3286 Seiron
564 3234 640 3300 Hyg.
650 3233 683 3299 38
694 3233 838 3286 Scironem
851 3232 904 3300 qui
913 3231 955 3284 ad
963 3230 1111 3285 mareloco
1123 3233 1337 3303 quadamprae-

183 3307 270 3372 rupto
282 3303 392 3357 sedebat
402 3307 429 3356 et
440 3305 493 3372 qui
503 3305 559 3356 iter
564 3303 754 3427 {radiebatur
768 3302 879 3373 cogebat
894 3318 957 3354 eum
973 3302 1029 3354 sibi
1038 3303 1123 3371 pedes
1137 3296 1240 3355 lauare
1255 3304 1338 3357 etita

183 3376 216 3428 in
237 3390 316 3426 mare
331 3374 547 3444 praecipitabat,
586 3390 642 3427 unc
663 3373 782 3426 Theseus
796 3373 868 3442 pari
886 3373 940 3425 leto
961 3373 992 3425 in
1012 3388 1090 3425 mare
1109 3374 1208 3427 desecat
1226 3390 1338 3442 exque

184 3446 314 3499 Scironis
316 3449 421 3567 petrae
432 3449 500 3497 sunt
510 3445 608 3498 dictae.
646 3445 717 3498 Plut.
732 3445 816 3498 Thes.
834 3458 873 3510 10,
888 3444 970 3496 Paus.
984 3441 1001 3496 i.
1015 3457 1057 3508 44.
1071 3443 1087 3496 8
1101 3442 1148 3512 qui
1166 3443 1245 3498 addit
1264 3445 1338 3498 haec

184 3517 291 3583 Χελόνη
333 3516 344 3568 ἓ
368 3513 509 3584 ὑπενήχετο
533 3518 588 3569 ταῖς
611 3514 716 3584 πέτραις
739 3514 799 3569 τούς
823 3512 999 3580 ἐσβληθέντας
1023 3513 1151 3581 ἁρπάζειν·
1181 3513 1234 3567 εἶσί
1258 3515 1286 3568 δὲ
1311 3515 1338 3567 ai

184 3586 337 3650 θαλάσσιαι,
353 3585 422 3652 πλὴν
437 3582 561 3655 μεγέθους
577 3587 618 3638 καί
636 3585 730 3650 ποδῶν,
743 3583 828 3651 ὅμοιαι
845 3585 901 3636 ταῖς
918 3581 1060 3652 χερσαίαις,
1076 3582 1159 3638 πόδας
1176 3583 1204 3637 δὲ
1222 3585 1338 3640 ἐοικότος

184 3657 279 3725 ἔχουσι
299 3658 355 3711 ταῖς
375 3656 484 3725 φώκαις.
519 3672 592 3710 oum
615 3659 827 3722 Polypemone
850 3658 955 3707 natus.
992 3654 1161 3706 Procrusten
1187 3653 1337 3724 significat,

186 3726 325 3781 incertum
356 3743 441 3807 quem
472 3737 593 3782 secutus.
648 3729 725 3780 Nam
757 3723 913 3779 Pausanias
944 3723 960 3778 i.
992 3723 1034 3790 38.
1068 3736 1082 3791 5
1114 3725 1338 3792 Polypemonem

186 3798 309 3852 eundem
334 3797 420 3852 fuisse
445 3797 530 3852 tradit
556 3796 603 3867 qui
629 3799 792 3852 Procrustes
822 3793 1037 3863 cognominatus
1062 3793 1116 3848 sit:
1147 3795 1338 3863 Apollodorus

186 3867 225 3922 iii.
241 3868 280 3922 16.
294 3882 310 3921 2
324 3878 353 3922 et
370 3868 464 3922 Schol
482 3867 597 3937 Hippol.
611 3880 672 3938 977,
689 3869 910 3936 Polypemonem
928 3863 1052 3931 Sinidos,
1069 3864 1178 3918 Probus
1195 3865 1233 3919 ad
1252 3867 1339 3921 Geor.

186 3938 204 3993 i.
227 3954 287 4008 399,
310 3937 445 4005 Scironis,
469 3949 579 4008 patrem
604 3939 718 3993 iaciunt.
764 3935 895 4005 Hyginus
918 3937 951 4003 38
978 3935 1200 4004 Polypemonem
1224 3936 1339 4005 omittit,

188 4011 358 4064 Procrusten
380 4008 469 4063 filium
491 4009 558 4064 facit
579 4008 716 4079 Neptuni,
740 4007 906 4062 Plutarchus
929 4007 1013 4060 Thes.
1028 4005 1055 4060 xi
1078 4005 1219 4060 Procrusti
1239 4023 1339 4061 uerum

186 4097 292 4134 nomen
318 4079 465 4134 Damastis
489 4079 594 4134 tribuit.
644 4077 844 4148 Polypemonis
868 4087 968 4131 natum
993 4078 1161 4131 Procrusten
1186 4076 1338 4146 significari

186 4160 265 4220 patet
278 4168 313 4205 ex
327 4153 367 4205 M.
381 4149 427 4205 vii.
441 4151 493 4218 436
506 4167 566 4221 sqq.
581 4149 629 4204 ubi
643 4149 807 4219 Periphetes
824 4150 987 4202 Procrustes
1005 4149 1133 4215 Cercyon
1148 4146 1224 4202 Sinis
1239 4148 1339 4203 Sciron

187 4221 249 4291 pari
268 4221 354 4275 modo
373 4221 532 4290 iunguntur,
553 4223 622 4276 Her.
636 4220 663 4276 ii.
676 4222 720 4289 69,
733 4233 769 4286 7ο
786 4219 833 4273 ubi
854 4218 953 4273 Sciron
973 4220 1136 4273 Procrustes
1155 4216 1231 4272 Sinis
1245 4219 1340 4273 Mino-

187 4302 293 4347 taurus.
331 4294 452 4361 Legerat
470 4293 589 4346 iortasse
613 4291 830 4359 Hohmrqpovihao
854 4288 1052 4359 Προκρούστεω.
1097 4289 1182 4344 Diod
1205 4288 1240 4344 iv.
1262 4302 1302 4359 59.
1325 4301 1339 4359 ς

189 4362 271 4418 Οὗτος
282 4362 342 4418 τοὺς
353 4362 491 4432 παριόντας
508 4363 659 4449 ὁδοιπόρους
675 4359 813 4432 ἦνάγκαζεν
825 4360 866 4413 ε’πί
882 4380 952 4414 τινος
964 4359 1051 4446 κλίνης
1066 4357 1223 4426 ἀναπίπτειν,
1237 4365 1342 4415 καὶτῶν

188 4435 234 4502 μὲν
255 4454 418 4502 μακροτερων
437 4434 469 4487 τὰ
489 4455 635 4523 προεζοντα
646 4432 717 4526 ρίρη
734 4435 781 4486 τοῦ
799 4432 918 4491 σώματος
935 4429 1070 4492 ἆπεκοπτε,
1083 4435 1133 4484 riu
1151 4431 1179 4484 δὲ
1196 4430 1343 4486 ἐλαττόνων

187 4503 248 4559 τούς
266 4504 347 4558 πόδας
368 4501 530 4573 προέκρουεν·
558 4504 605 4573 αφ’
627 4524 707 4571 ουπερ
726 4499 910 4569 Προκρούστης
929 4500 1077 4567 ὠνομάσθη.
1153 4504 1226 4556 408.
1246 4501 1342 4557 Μίῐιοό

188 4582 285 4630 taurus
298 4576 382 4630 tauri
391 4575 637 4646 mr'ntaquesorma
649 4575 712 4630 uiri
723 4574 791 4628 Her.
801 4572 828 4627 ii.
841 4585 883 4642 70,
895 4574 967 4628 lsoc
979 4572 1045 4628 Hel.
1058 4573 1177 4627 Encom.
1189 4587 1220 4641 31
1235 4572 1342 4645 φύσεως
