3296 5210
320 465 377 522 170
725 457 1074 522 COMMENTARIVS.

318 617 385 674 And
398 617 427 673 in
440 618 510 674 such
521 632 602 673 verse
615 632 647 671 as
660 631 726 670 men
739 632 788 670 are
800 624 874 670 wont
888 616 957 671 such
970 615 1057 672 cruell
1069 631 1172 671 warres
1186 623 1216 670 to
1228 615 1334 672 frame!
1370 618 1405 673 T.
1413 618 1476 672 νη)

319 689 463 744 derdown.
569 690 639 742 009.
656 686 939 755 dntmmmissa
950 687 1064 742 habeto.
1135 691 1292 753 tantisper
1303 688 1423 743 refertur
1434 687 1475 743 ad

319 770 432 831 tempus
454 775 510 831 quo
531 756 608 814 aliud
630 767 658 813 et
679 757 790 828 longius
812 767 841 812 et
862 757 964 812 iambis
986 757 1123 828 scriptum
1144 775 1249 828 poema
1266 760 1304 813 ad
1324 757 1474 814 inimicum

319 830 455 886 missurus
468 829 512 885 sit,
549 831 634 884 Tusc.
648 827 729 899 Disp'.
743 847 770 884 v.
783 841 807 896 7.
822 842 857 882 20
868 829 928 882 Sed
943 829 1041 883 uidero
1057 828 1131 899 quid
1144 830 1253 900 efficiat.
1289 829 1475 899 Tantisper

318 902 370 957 hoc
386 903 481 972 ipsum
499 902 601 970 magni
619 901 743 969 aestimo,
761 900 839 969 quod
849 900 1003 970 pollicetur
1020 900 1123 970 (Roby,
1144 901 1204 954 Lat.
1223 900 1319 954 Gram.
1337 899 1366 955 ii.
1382 902 1432 966 148
1436 901 1474 969 5),

319 972 379 1027 ‘sor
390 974 439 1026 the
457 971 588 1042 present,’
600 970 645 1024 ‘in
663 971 712 1025 the
731 969 914 1026 meanwhile!
985 973 1091 1025 subito
1105 970 1221 1040 ‘hasty,’
1232 971 1475 1040 ‘extemporized.'

321 1043 389 1098 Her.
404 1041 443 1096 iii.
457 1056 506 1110 103
525 1058 587 1096 ossa
604 1042 668 1095 uiri
682 1040 794 1096 subito
813 1041 886 1096 male
903 1045 975 1095 tecta
990 1042 1126 1112 sepulcro,
1144 1041 1192 1095 ubi
1210 1042 1245 1096 A.
1259 1041 1372 1096 Palmer
1390 1041 1474 1096 affert

320 1115 354 1168 F.
369 1112 406 1170 vi.
426 1125 476 1182 532
494 1113 553 1167 liba
574 1113 716 1167 Traditur
725 1114 762 1194 ‘in
781 1111 895 1167 subito
912 1117 988 1166 cocta
1004 1113 1110 1166 dedisse
1120 1112 1195 1182 foco.
1266 1115 1333 1166 041.
1350 1116 1475 1194 rogum

320 1201 406 1254 quam
428 1200 501 1253 quae
522 1183 559 1238 ab
581 1199 615 1238 us
635 1199 740 1252 rogam.
825 1185 896 1264 042.
912 1185 1024 1264 'fauore
1043 1182 1269 1251 ‘countenance,’
1280 1181 1296 1264 ᾗ
1304 1183 1382 1252 good
1400 1184 1474 1238 w1w

319 1261 397 1310 uota
407 1257 516 1310 fauore
528 1270 607 1324 met,
619 1255 745 1310 clausula
756 1270 823 1310 uere
834 1253 984 1310 Omdlana.
1053 1256 1125 1309 044
1142 1257 1222 1320 pede
1234 1263 1340 1324 scnpta
1349 1253 1465 1323 ἰάμβοις.
