3312 5200
502 1075 1070 1161 COMMENTARIVS.

246 1393 270 1444 1.
290 1393 427 1454 campus
441 1393 483 1443 ad
498 1392 765 1454 hoo...peruot1s
805 1391 898 1443 Natus
911 1399 954 1444 est
968 1389 1087 1445 Ovidius
1102 1407 1178 1446 anno
1191 1391 1289 1460 711l43
1302 1408 1366 1446 cum

209 1462 310 1516 cecidit
315 1462 384 1531 sato
398 1461 497 1514 consul
509 1465 626 1529 uterque
639 1458 762 1529 (Hirtius
775 1468 803 1514 et
817 1461 911 1514 Pansa
924 1461 960 1514 ad
975 1460 1128 1529 Mutinam)
1137 1463 1210 1532 pari
1221 1461 1315 1530 (Trist.
1329 1463 1366 1517 iv.

214 1547 253 1585 10.
267 1533 305 1601 6).
344 1533 445 1600 ltaque
464 1529 522 1584 lbis
541 1547 598 1585 non
616 1539 682 1584 ante
695 1528 777 1599 762l9
789 1530 910 1600 scriptus
926 1540 977 1599 est,
991 1547 1047 1601 quo
1062 1531 1177 1586 demum
1193 1549 1268 1587 anno
1285 1533 1365 1602 quin·

211 1600 409 1672 quagesimum
430 1601 554 1655 natalem
577 1600 729 1670 compleuit
751 1600 797 1654 die
819 1601 945 1655 secundo
967 1601 1194 1671 Quinquatruum
1215 1601 1309 1670 (Trist.
1329 1603 1364 1658 iv.

214 1687 254 1726 ιο.
277 1670 450 1744 13·14)‚·‚xiii
469 1672 532 1726 Kal.
556 1670 643 1754 April.
664 1671 778 1740 (March
792 1670 845 1739 20).
948 1674 976 1726 2.
996 1687 1123 1726 carmen
1143 1675 1262 1727 inerme
1281 1673 1365 1728 simili

211 1759 297 1797 sensu
311 1741 380 1796 dixit
393 1758 450 1811 quo
463 1743 624 1811 Propertius
637 1740 672 1795 iv.
683 1741 707 1796 6.
719 1755 761 1810 31,
772 1755 788 1794 2
801 1741 838 1796 de
850 1741 981 1812 Apolline
993 1743 1061 1798 Non
1073 1742 1122 1798 ille
1131 1743 1269 1798 attulerat
1276 1746 1368 1798 crines

210 1815 243 1868 in
261 1814 333 1878 collo
351 1813 457 1867 solutos
475 1812 540 1866 Aut
556 1812 729 1866 testudineae
745 1829 858 1868 cannen
879 1815 985 1866 inerme
1001 1813 1081 1884 lyrae
1098 1831 1115 1868 a
1133 1814 1214 1868 bellis
1233 1814 1366 1883 alienum,

211 1884 289 1954 quod
301 1883 370 1937 nulli
383 1880 514 1937 iniuriam
526 1881 640 1938 faceret.
698 1885 725 1937 3.
745 1885 874 1948 seriptis
885 1889 934 1939 tot
944 1887 1075 1939 milibus
1084 1884 1214 1954 quamuis
1224 1894 1265 1939 tot
1277 1885 1367 1940 millia

211 1953 309 2024 scripti
331 1952 509 2009 coniecerim.
545 1952 670 2008 Milibus
688 1969 747 2006 non
771 1953 935 2022 litterarum,
958 1954 1009 2009 sed
1034 1955 1275 2024 quemadmodum
1297 1955 1366 2010 dixit

210 2026 275 2079 Am.
292 2024 308 2078 i.
323 2025 347 2079 8.
366 2025 398 2094 58
416 2025 554 2077 amatam's
572 2023 666 2078 millia
687 2023 778 2078 multa
799 2024 879 2094 leges.
926 2027 982 2078 Par
1002 2025 1081 2080 locus
1099 2035 1143 2080 est
1162 2025 1245 2080 Trist
1266 2025 1293 2081 ii.
1316 2026 1365 2094 563

211 2097 279 2149 Non
290 2111 341 2166 ego
357 2095 484 2148 mordaci
496 2094 639 2148 destrinm'
651 2096 776 2148 carmine
789 2111 964 2166 quemquam,
977 2097 1037 2152 Nec
1051 2113 1129 2150 meus
1143 2096 1233 2150 ullius
1245 2099 1368 2150 crimina

211 2183 311 2219 uersus
324 2165 412 2220 babet.
450 2165 597 2220 Candeilus
611 2183 631 2218 a
648 2165 755 2218 salibus
772 2167 888 2235 suffien's
895 2166 969 2236 selle
983 2166 1085 2238 refugi.
1121 2167 1215 2221 Nulla
1231 2173 1368 2221 uenenato

211 2237 309 2291 littera
331 2237 423 2290 menta
446 2236 504 2288 ioco
524 2240 571 2290 est.
609 2236 692 2289 Inter
710 2240 752 2289 tot
769 2237 882 2306 popule}
904 2247 953 2292 tot
975 2236 1095 2306 scripti
1120 2237 1228 2292 millia
1248 2237 1366 2306 nostri,

213 2308 303 2378 Quem
325 2324 386 2360 mea
406 2305 532 2376 Calliope
552 2306 667 2360 laeserit
688 2322 764 2360 unus
783 2323 839 2360 ero.
875 2307 959 2361 Trist.
977 2326 1002 2364 v.
1017 2321 1040 2374 3.
1057 2319 1098 2375 53,
1119 2309 1199 2362 Pont.
1217 2307 1252 2363 iv.
1270 2322 1308 2374 14.
1322 2322 1365 2376 43

211 2381 239 2431 4.
258 2381 383 2432 Littera
394 2375 513 2446 proprie.
547 2378 627 2431 Pont.
641 2376 676 2430 iv.
694 2390 732 2442 14.
746 2376 781 2430 26
793 2378 904 2432 Littera
915 2379 949 2432 de
960 2378 1090 2432 uabrsest
1101 2394 1162 2431 mea
1174 2384 1271 2448 questa
1283 2379 1366 2433 nibil.

212 2451 455 2514 sanmdnolenta
479 2445 586 2518 ‘steept
611 2446 640 2501 in
664 2447 766 2501 blood'
791 2449 871 2502 Pont.
889 2447 924 2502 iv.
942 2463 980 2514 14
997 2462 1032 2514 44
1055 2449 1149 2502 Extat
1172 2449 1265 2503 adbuc
1287 2466 1367 2502 nemo

212 2518 348 2573 saucius
367 2531 414 2572 ore
432 2533 499 2573 meo.
627 2521 654 2572 5.
673 2520 792 2572 laesere
810 2518 966 2587 perfectum
984 2535 1036 2587 pro
1054 2519 1117 2588 plus
1155 2534 1221 2572 uam
1240 2519 1365 2588 perfecto

213 2592 325 2659 Drbger
339 2591 361 2643 l.
374 2604 400 2659 p.
415 2602 475 2656 233.
557 2590 584 2642 8.
603 2587 982 2644 Artificis...ArteTrist.
996 2587 1033 2642 iii.
1048 2535 1248 2654 146e‘irtibus
1260 2591 1321 2644 arti
1355 2590 1371 2643 i

211 2677 284 2730 quae
295 2676 412 2714 nocuere
422 2675 481 2713 suo.
518 2673 590 2713 oum
603 2675 658 2728 quo
672 2667 799 2728 tempore
812 2660 952 2728 relegatus
965 2675 1046 2713 sum:
1068 2675 1136 2714 nam
1154 2659 1207 2713 hoc
1220 2669 1263 2714 est
1281 2665 1368 2730 caput

207 2732 304 2802 periit.
343 2729 426 2784 Trist.
440 2729 456 2783 i.
471 2743 496 2783 2.
509 2741 541 2795 71
560 2731 620 2784 Nec
632 2735 727 2783 tanuen
742 2735 776 2783 ut
788 2731 884 2784 cuncti
895 2731 1029 2784 meierum
1040 2745 1156 2783 seruare
1167 2731 1270 2798 uelitis,
1286 2731 1371 2800 Quod

212 2801 313 2871 periit
326 2801 441 2854 saluum
453 2801 512 2853 iam
525 2809 625 2870 caput
637 2817 694 2853 esse
700 2803 801 2870 potest.
843 2802 878 2855 Vt
888 2817 967 2854 mare
978 2800 1105 2854 subsidat
1116 2802 1261 2871 acutisque
1268 2802 1366 2871 seren-

211 2873 287 2926 tibus
305 2876 381 2939 ator,
405 2870 440 2924 Vt
456 2869 531 2924 mibi
544 2873 681 2940 parcatis,
699 2887 764 2925 non
784 2871 893 2925 minus
912 2872 986 2925 exul
1002 2888 1055 2925 ero.
1095 2870 1194 2926 Libros
1212 2881 1270 2926 tres
1289 2871 1367 2925 Artis

212 2941 377 2997 Amatoriae
387 2957 463 2995 anno
472 2953 488 3007 7
492 2938 553 3010 salz
564 2940 691 2996 ediderat
703 2941 834 3010 (Masson
847 2958 873 3011 p.
883 2941 918 2996 66
928 2944 1033 3010 Burm.‚
1045 2940 1158 2996 Clinton
1169 2943 1200 2996 F.
1212 2941 1261 3010 H.)
1272 2942 1366 2996 adhuc

213 3011 332 3080 iuuenis,
345 3027 468 3081 poenam
480 3011 531 3065 luit
544 3010 721 3082 decem-post
734 3011 816 3066 annis
829 3029 915 3067 senex
928 3011 1023 3080 (Trist.
1038 3011 1064 3066 ii.
1081 3012 1222 3083 543-546).
1288 3017 1314 3068 ¹1.
1334 3018 1367 3068 et

212 3085 273 3139 hoo
284 3086 392 3148 ipsum
404 3081 480 3151 quod
493 3098 565 3136 unus
578 3092 628 3136 est.
710 3086 738 3137 8.
759 3086 913 3138 Candoris
925 3082 978 3137 sim
999 3082 1113 3138 licitatis
1127 3083 1172 3137 uel
1187 3083 1367 3138 innocentiae

212 3151 845 3293 lltltlllalaltltrtabltll·.⁵t.¹
860 3154 1367 3293 tertullianus?

471 3262 478 3292 ‚
1079 3266 1085 3279 .
1198 3267 1204 3280 .
1247 3267 1253 3280 .
1303 3267 1309 3279 .
1359 3265 1365 3280 .

214 3293 379 3350 Contrarius
391 3303 435 3348 est
448 3292 529 3348 liuori
543 3293 641 3350 Ibidis.
731 3297 758 3349 Θ.
778 3297 931 3360 Quisquis
942 3299 971 3350 is
983 3301 1037 3350 est.
1076 3294 1159 3350 Trist.
1171 3291 1208 3354 iii.
1220 3310 1259 3350 11.
1272 3296 1305 3364 56
1317 3295 1371 3350 Ad

212 3371 240 3419 te
260 3365 389 3435 quisquis
409 3366 435 3418 is
455 3381 484 3418 es
503 3369 601 3418 nostra
621 3364 747 3434 querella
770 3366 851 3427 redit.
898 3371 1069 3431 utcumque
1093 3375 1230 3436 quantum
1254 3383 1305 3435 per
1325 3366 1367 3419 in-

213 3434 409 3506 dignationem
427 3433 541 3490 licebit:
563 3434 609 3489 uix
626 3434 702 3490 enim
719 3452 766 3491 me
782 3435 942 3505 reprimam.
981 3438 1060 3491 Pont.
1076 3434 1112 3490 iii.
1127 3451 1150 3504 9.
1168 3448 1199 3504 53
1218 3437 1368 3491 Postmodo

213 3506 339 3562 collectas
360 3511 509 3575 utcumque
527 3505 588 3560 sine
605 3506 703 3560 ordene
720 3507 811 3561 iunxi.
849 3506 883 3560 iv.
903 3521 942 3574 14
959 3520 974 3574 3
992 3509 1103 3588 excepto
1119 3507 1198 3577 quod
1212 3508 1305 3561 adbuc
1321 3513 1368 3561 ut·

213 3593 332 3646 cumque
354 3576 489 3632 ualemus.
567 3577 611 3630 10.
631 3580 808 3632 inassuetas
828 3593 942 3632 manus
963 3578 996 3632 A.
1010 3578 1043 3631 A.
1058 3595 1075 3632 r.
1089 3591 1149 3644 3oo
1227 3579 1265 3634 11.
1291 3581 1368 3631 rele-

215 3653 324 3713 gotum
353 3645 475 3717 proprie,
500 3655 530 3701 ut
559 3645 620 3716 ipse
649 3657 769 3703 testatur
798 3647 883 3704 Trist.
903 3646 1000 3717 ii..135
1031 3647 1115 3701 Adde
1144 3647 1221 3717 quod
1247 3649 1368 3704 edictum

214 3718 348 3788 quamuis
359 3719 458 3771 inmite
474 3717 626 3787 minaxque
637 3717 774 3772 Attamen
790 3719 822 3771 in
833 3721 941 3790 poenae
952 3719 1063 3771 nomene
1078 3719 1139 3772 lene
1146 3718 1219 3787 fuit.
1258 3719 1369 3787 Queppe

214 3790 284 3843 rele
288 3797 394 3857 gatus,
411 3803 468 3842 non
486 3789 569 3856 exul,
585 3788 665 3842 dicar
680 3791 712 3842 in
730 3789 781 3842 illo
799 3789 946 3858 Pn'uaque
954 3789 1095 3858 fortunae
1111 3793 1180 3842 sunt
1196 3788 1265 3842 data
1283 3788 1369 3842 uerba

214 3875 298 3913 nteae.
334 3876 359 3913 v.
376 3873 415 3912 11.
429 3873 461 3912 21
475 3859 540 3928 Ipse
553 3859 678 3930 relegati,
692 3876 749 3913 non
764 3860 864 3927 exules,
877 3861 974 3913 utitur
990 3861 1022 3912 in
1041 3875 1084 3912 me
1099 3860 1228 3914 Nomine.
1269 3860 1369 3928 ltaque

214 3946 265 3983 nec
274 3932 339 3999 opes
353 3945 402 3983 nec
416 3930 463 3982 ius
477 3930 550 3983 ciuis
565 3928 660 3997 (Trist.
674 3949 699 3984 v.
717 3943 755 3984 11.
773 3929 815 3998 15)
829 3928 931 3998 amisit,
945 3929 997 3984 etsi
1011 3946 1036 3984 u.
1050 3929 1068 3982 6
1080 3935 1166 4000 caput
1181 3927 1235 3983 sibi
1249 3930 1369 3999 periisse

215 4009 245 4054 ut
255 3998 329 4054 exuli
339 4009 510 4069 conquestus
521 4009 572 4055 est.
625 4003 669 4054 12.
683 4003 853 4056 delituisse
879 4001 1039 4055 Perfectum
1049 4000 1151 4055 eodem
1161 3999 1248 4053 modo
1256 3998 1369 4052 uidetur

214 4079 381 4140 usurpatum
397 4085 454 4140 quo
466 4071 499 4125 A
513 4071 547 4124 A.
561 4069 588 4124 ii.
604 4071 655 4140 583
674 4071 710 4125 de
729 4073 823 4126 Marte
841 4080 870 4125 et
887 4072 999 4126 Venere
1018 4070 1165 4141 deprensis
1182 4071 1251 4124 Non
1269 4070 1370 4124 uultus

214 4142 314 4194 lenisse
333 4156 406 4208 suos,
427 4156 484 4195 non
507 4141 625 4211 denique
641 4143 763 4212 possunt
784 4142 921 4196 Pambos
941 4142 1060 4196 obscenis
1079 4143 1238 4211 opposuisse
1258 4157 1368 4194 manns.

214 4212 373 4281 Vtrumque
382 4210 534 4278 ἀοριστικῶς
542 4228 603 4266 rem
612 4211 691 4266 breui
704 4222 850 4267 momento
858 4222 1003 4283 peractam
1017 4211 1172 4282 significat;
1188 4211 1236 4266 uix
1249 4228 1279 4265 se
1289 4211 1369 4265 abdi-

215 4281 296 4356 derat
309 4298 374 4335 cum
387 4280 424 4336 de
436 4281 545 4337 latebra
556 4292 714 4352 protractus
727 4293 778 4337 est.
842 4285 886 4338 13.
900 4286 1109 4347 Vulneraque.
1135 4282 1218 4336 Trist.
1232 4281 1269 4337 iii.
1284 4297 1323 4336 11.
1334 4282 1368 4349 63

215 4352 264 4406 Er
281 4353 476 4423 oquicumque
486 4369 522 4420 es,
535 4354 687 4407 rescindere
705 4355 827 4408 crimina
845 4353 912 4420 noli,
929 4355 1027 4422 Deque
1038 4355 1133 4424 graui
1147 4354 1237 4408 duros
1253 4353 1370 4406 uulnere

214 4367 282 4476 colb
293 4439 402 4476 manus.
445 4424 531 4493 thue
542 4441 618 4478 meae
624 4425 741 4494 famam
754 4430 868 4479 tenuent
879 4425 984 4478 obliuia
995 4424 1101 4494 culbae,
1114 4425 1144 4479 F
1141 4429 1203 4479 acta
1215 4425 1369 4478 cicatricem

215 4492 315 4547 ducere
332 4499 429 4547 nostra
447 4495 514 4548 sine.
587 4497 630 4548 16.
649 4497 762 4549 bruera
780 4505 926 4565 tamquam
945 4494 1087 4565 relliquias
1105 4505 1239 4563 mortuas,
1255 4504 1285 4549 ut
1304 4510 1369 4548 cum
1413 4557 1420 4570 .

217 4561 367 4631 Maduigio
388 4564 488 4634 loquar
505 4565 542 4620 ad
563 4567 659 4621 quen.
674 4564 729 4621 viii.
747 4579 803 4636 192.
875 4568 918 4622 l'l.
944 4569 1086 4622 membre.
1104 4565 1229 4635 ‘pieces’
1247 4565 1288 4620 sic
1308 4565 1367 4631 278.
