3296 5210
320 443 375 498 178
784 435 1006 497 EXCVRSVS.

317 606 345 652 et
359 595 401 664 86,
416 595 449 650 ir.
463 595 507 649 xix
526 595 619 664 Riese,
638 596 693 649 Vix
707 595 813 666 ecfatus
828 601 897 664 erat,
913 612 976 649 cum
996 611 1071 648 more
1087 597 1227 649 maiorum
1247 595 1325 648 ultro
1341 609 1476 648 casnares

317 666 370 736 (sic
386 665 491 736 iunius,
503 667 631 721 carnales
645 667 733 734 MSS)
746 668 902 736 amptiunt,
915 667 948 720 de
956 670 1043 736 ponte
1055 668 1086 718 t'n
1102 666 1224 720 Tiberim
1236 665 1395 719 deturbant.

352 737 399 793 Ad
410 739 480 794 447.
501 739 542 794 Et
562 754 645 808 quae
665 737 872 792 Panthoides
890 736 971 792 iecit
990 738 1029 790 de
1048 737 1152 790 fratre
1173 736 1335 791 Medusae

539 807 706 863 Eueniant
726 808 831 878 capiti
851 817 930 862 uota
948 807 1087 862 sinistra
1104 816 1169 862 tuo.

354 877 434 932 Nihil
450 877 495 933 his
514 878 642 934 uersibus
658 877 716 933 Ibis
735 879 821 933 habet
837 878 986 933 difficilius.
1024 880 1100 932 Nolo
1119 877 1222 933 morari
1242 878 1271 932 in
1289 877 1324 932 iis
1343 894 1419 948 quae
1435 877 1472 930 ad

317 949 516 1020 explicandum
528 951 623 1004 locum
636 949 813 1005 Scholiastae
825 948 982 1004 tradidere:
1002 950 1075 1004 adeo
1094 959 1159 1002 sunt
1172 948 1289 1003 confusa
1301 958 1330 1003 et
1343 947 1473 1004 carentia

316 1020 511 1075 fundamento.
549 1023 625 1075 Sane
646 1022 786 1090 Bupalum
810 1019 999 1090 Hipponactis
1024 1029 1119 1074 actum
1144 1019 1279 1074 conuiciis
1301 1028 1331 1074 ut
1356 1036 1389 1074 se
1411 1035 1472 1072 sus-

317 1091 422 1160 pendio
435 1100 549 1146 necaret
562 1109 596 1146 ex
610 1090 680 1145 Piin.
694 1090 782 1144 xxxvi
798 1106 837 1160 12,
850 1090 970 1145 Acronis
981 1089 1075 1145 Schoi
1088 1092 1157 1145 Hon
1169 1090 1261 1161 Epod.
1272 1090 1297 1144 6.
1311 1104 1343 1156 14
1355 1088 1471 1158 scimus,

317 1161 448 1232 quamuis
461 1178 559 1216 uerum
572 1161 602 1215 id
619 1161 705 1216 inisse
720 1161 826 1216 Plinius
843 1171 942 1230 neget:
967 1161 1019 1216 sed
1033 1160 1245 1231 Hipponactem
1263 1161 1357 1230 ipsum
1372 1160 1471 1214 nescio

317 1232 397 1286 cuius
411 1231 569 1286 Penthidae
586 1231 745 1302 opprobriis
764 1242 896 1287 uexatum
914 1232 1016 1302 laqueo
1033 1231 1122 1286 uitam
1135 1231 1261 1286 finiuisse
1276 1231 1338 1301 quis
1351 1232 1472 1286 credat?

319 1305 412 1357 Immo
426 1302 581 1384 Hipponax
595 1302 695 1372 Pythei
710 1303 783 1356 filius
800 1302 891 1372 potuit
904 1303 1041 1371 Pythides
1058 1302 1162 1370 uocari,
1175 1302 1266 1373 potuit
1284 1301 1360 1356 diras
1378 1301 1471 1371 inpre-

317 1373 375 1428 cari
388 1373 472 1428 alicur
489 1373 568 1429 cuius
586 1390 665 1428 soror
679 1374 801 1428 Medusa
819 1373 865 1428 uel
879 1374 992 1428 Melusa
1008 1383 1101 1428 esset:
1122 1373 1173 1428 sed
1191 1375 1262 1428 haec
1280 1373 1321 1430 ita
1339 1373 1471 1427 euenisse

317 1445 364 1499 uix
388 1445 458 1499 satis
482 1455 544 1500 tuto
568 1444 718 1498 confirmes
742 1461 777 1498 ex
801 1443 914 1514 ineptiis
944 1443 1168 1500 scholiastarum.
1217 1443 1338 1498 Codices
1363 1442 1471 1498 habent

317 1515 473 1586 pentides
486 1517 633 1570 GHMPX
646 1517 711 1583 Vat,
728 1514 910 1584 penthides
926 1515 961 1569 de
977 1516 1058 1569 Mure
1073 1531 1138 1568 cum
1151 1516 1211 1583 VF,
1230 1514 1422 1584 pentelides
1437 1516 1471 1581 T,

316 1586 465 1656 pitoides
485 1586 673 1641 Harleianus:
697 1586 736 1640 de
755 1587 858 1640 fratre
877 1587 994 1639 FHMT
1012 1585 1049 1639 de
1069 1587 1160 1653 Mure,
1180 1585 1350 1655 fraterque
1370 1585 1470 1641 GPX:

317 1659 453 1712 meduse
466 1675 566 1712 omnes
579 1655 689 1725 sinceri,
702 1657 827 1711 meluse
842 1656 931 1724 Harl,
944 1656 1087 1711 medulle
1102 1655 1285 1726 Phillippicus
1298 1655 1376 1724 3360.

354 1729 537 1783 Penthides
556 1728 579 1782 si
599 1745 665 1782 uere
683 1727 817 1782 traditum
836 1736 879 1782 est
899 1727 934 1781 de
953 1743 1009 1781 uno
1030 1728 1188 1781 Menoeceo
1206 1726 1338 1796 explicari
1357 1727 1472 1796 poterin

318 1798 376 1853 Hic
389 1798 465 1854 enirn
478 1799 551 1853 filius
562 1798 668 1864 Oclasi‚
680 1815 770 1867 nepos
784 1797 902 1852 Penthei
915 1797 966 1852 fuit
977 1797 1083 1864 (Schol.
1095 1799 1202 1853 Phoen.
1212 1796 1284 1866 942),
1298 1815 1360 1852 sese
1373 1809 1471 1853 autem

317 1886 368 1939 pro
381 1869 473 1938 patria
486 1869 600 1924 deuouit
614 1879 641 1924 et
655 1869 691 1923 de
708 1868 795 1923 muris
808 1868 972 1923 Thebarum
988 1867 1193 1938 praecipitauit.
1232 1871 1335 1938 Neque
1352 1867 1382 1921 id
1400 1886 1472 1924 sane

316 1957 335 1994 a
349 1939 436 1994 Curtii
453 1950 544 1994 morte
558 1942 629 2007 (443,
642 1939 670 2007 4)
684 1956 776 2009 neque
790 1957 807 1994 a
820 1939 971 1994 deuotione
989 1939 1050 1992 auis
1064 1938 1154 1993 Ibidis
1168 1938 1313 2008 (449-450)
1328 1939 1472 2006 abhorret,

316 2027 370 2135 ἧς
387 2009 509 2137 denitoqo‘uns
522 2027 540 2066 a
554 2009 698 2066 mentione
712 2011 886 2080 Spartorum.
924 2012 1005 2064 Haec
1018 2008 1095 2065 enim
1109 2011 1282 2067 Menoeceus
1300 2006 1336 2065 de
1353 2027 1385 2065 se
1402 2009 1472 2064 dicit

362 2097 424 2136 oen.
440 2096 451 2136 1
508 2123 516 2137 .
1108 2092 1110 2097 '

529 2152 575 2206 Md
591 2152 637 2206 τὸν
655 2149 709 2220 μετ’
721 2151 826 2220 ἄστρων
844 2148 901 2218 Ζῆν’
913 2149 981 2223 Ἀρη
998 2174 1028 2206 τε
1046 2151 1148 2222 φοίνιον

522 2220 573 2278 ‘Os
590 2223 650 2278 τοὺς
666 2223 864 2292 ὑπερτείλαντας
881 2223 910 2276 ἐκ
927 2224 1002 2293 γαίας
1018 2222 1081 2277 nore*

530 2293 686 2383 Σπαρτοὺς
702 2294 832 2348 ἄνακτας
848 2293 929 2361 τῆσδε
947 2295 994 2362 γῆς
1012 2292 1145 2363 ἱδρύσατο.

527 2363 596 2418 Ἀλλ
616 2359 667 2434 εἶμι
686 2365 727 2418 καὶ
746 2365 811 2421 στὰς
828 2364 858 2431 ἐξ
877 2365 1009 2434 ἐπάλξεων
1026 2366 1110 2432 άκρων

529 2435 636 2506 Σφάξας
654 2435 763 2503 ἐμαυτὸν
782 2437 877 2503 σηκὸν
894 2435 924 2492 ἐς
941 2434 1124 2505 μελαμβαθῆ

529 2508 710 2577 Δράκοντος,
728 2503 806 2560 ἐνθ’ά
823 2507 913 2575 μάντις
930 2505 1086 2575 ἐξηγήσατο,

527 2577 714 2645 Ἐλευθεράσω
731 2578 815 2646 γαῖαν.
839 2575 936 2647 εἴρηται
953 2579 1042 2646 λόγος.
1150 2575 1153 2585 ’

529 2648 625 2719 Στείχω
644 2647 672 2701 δέ
691 2647 800 2702 θανάτου
818 2647 902 2712 δῶρον
920 2647 966 2701 οὔκ
983 2647 1094 2719 αἰσχρὸν
1111 2649 1187 2702 πόλει

529 2721 637 2785 Δάσων,
656 2720 735 2773 νόσου
754 2717 783 2772 δέ
800 2716 869 2786 tried*
881 2718 1024 2788 ἀπαλλάξω
1043 2719 1132 2790 χθόνα.

529 2790 565 2844 Ei
582 2791 640 2861 γὰρ
659 2789 764 2851 λαβὼν
781 2787 913 2846 ἕκαστος
930 2788 954 2858 ά,
972 2811 1000 2844 τι
1018 2789 1143 2845 δύναιτό
1161 2811 1208 2844 τις

528 2863 670 2931 Χρηστὸν
689 2857 810 2913 διίλθοι
827 2864 927 2927 τοῦτο,
946 2860 1006 2916 κείς
1024 2863 1124 2915 κοινὸν
1142 2860 1234 2930 φέροι

528 2931 668 3003 Πατρίδι,
687 2935 769 2984 κακῶν
787 2930 818 2984 άν
835 2932 861 2984 ai
878 2933 968 2986 πόλεις
986 2931 1141 2987 ἐλασσόνων

529 3005 688 3072 Πετρώμεναι
706 3003 735 3054 τὸ
753 3003 846 3057 λοιπὸν
864 3003 995 3072 εὐτυχοῖεν
1012 3003 1052 3057 riu.

317 3081 361 3137 Ci.
375 3084 451 3150 Hyg.
464 3081 497 3147 67
511 3083 704 3153 interrogatus
719 3080 843 3135 Tiresias
856 3082 930 3151 qnid
942 3083 985 3135 tta
1001 3082 1107 3137 Thebae
1120 3087 1297 3137 uexarentnr
1309 3085 1474 3155 respondi&

316 3154 344 3206 si
363 3154 427 3221 quis
447 3169 484 3205 eu
507 3151 692 3206 Dracontio
713 3167 835 3220 genere
857 3163 1052 3222 superesset
1073 3160 1102 3207 et
1119 3158 1176 3224 pro
1195 3156 1297 3224 patria
1318 3156 1474 3209 enten'isset

311 3223 690 3294 pestilentzaliteraturnm.
740 3223 768 3275 Τ
764 3239 812 3276 um
834 3224 998 3278 Menoeceus
1021 3225 1146 3279 locastae
1165 3229 1252 3295 pater
1270 3242 1299 3278 se
1321 3227 1355 3280 de
1379 3228 1473 3280 anneis

336 3295 413 3347 raeci
439 3294 524 3347 'lauit

313 3298 336 3363 p
354 3296 456 3433 Neriiie
469 3380 487 3417 a
500 3363 648 3418 Menoecei
666 3365 762 3420 iabula
777 3354 1002 3435 dissident'quae
1015 3376 1148 3420 secuntur
1160 3365 1183 3420 si
1197 3383 1262 3420 cum
1276 3367 1405 3423 Galeano
1419 3365 1470 3436 (G)

317 3433 419 3502 legeris
437 3434 608 3504 fraterque
629 3436 798 3491 Medusae.
837 3438 914 3490 Nam
929 3436 1051 3504 Polybus
1065 3436 1112 3507 qui
1127 3437 1269 3506 Oedipum
1284 3453 1335 3506 pro
1348 3437 1405 3490 filio
1418 3454 1471 3492 suo

317 3505 386 3560 aluit
399 3514 471 3560 teste
485 3505 648 3574 Pherecyde
662 3523 707 3576 ap.
718 3508 813 3561 Schol.
824 3508 910 3576 Soph.
923 3509 958 3561 Ο.
967 3508 999 3561 Τ.
1011 3509 1045 3573 78
1049 3520 1062 3576 5
1076 3524 1191 3561 uxorem
1204 3507 1302 3562 habuit
1318 3508 1470 3562 Medusam

317 3575 468 3644 Orsilochi,
487 3575 580 3630 iratris
599 3576 651 3645 sui,
670 3577 765 3633 filiam.
803 3577 896 3631 Huius
918 3577 1002 3646 igitur
1022 3577 1120 3647 Polybi
1140 3588 1232 3644 natus,
1251 3588 1282 3632 ut
1303 3578 1470 3646 habebatur,

317 3647 455 3716 Oedipus,
470 3646 649 3701 Orsilochum
666 3659 805 3718 patruum,
820 3648 960 3702 Orsilochi
978 3648 1065 3702 filiam
1082 3650 1238 3719 patruelem
1255 3649 1372 3717 habuit3
1394 3650 1471 3704 unde

308 3719 409 3789 frater
416 3719 554 3772 Medusae
562 3717 617 3772 dici
631 3719 728 3788 potuit.
756 3718 913 3788 Oedipodis
926 3729 1022 3772 autem
1035 3726 1102 3773 uota
1114 3721 1233 3773 sinistra
1242 3735 1277 3773 ea
1287 3719 1354 3774 dicit
1368 3719 1471 3790 quibus

318 3789 479 3859 inprecatus
500 3799 543 3843 est
566 3788 629 3842 filiis
652 3790 762 3844 Eteocli
784 3800 812 3844 et
833 3789 958 3858 Polynici
981 3799 1011 3845 ut
1033 3807 1151 3860 regnum
1170 3791 1333 3845 Thebarum
1354 3791 1471 3846 ensibus

317 3861 487 3930 partirentur
500 3859 621 3926 (Phoen.
631 3859 674 3928 68,
688 3861 748 3929 765,
761 3860 821 3929 876,
838 3861 924 3930 1053).

355 3930 439 4000 Quod
457 3930 481 3984 si
501 3930 563 4000 quis
580 3930 685 3985 obiciat
702 3948 760 3984 non
776 3931 849 3985 bene
867 3930 999 4000 coniungi
1017 3940 1084 3985 uota
1099 3930 1246 3986 Menoecei
1264 3947 1295 3985 se
1313 3948 1363 4001 pro
1378 3931 1471 4002 patria

318 4001 495 4069 deuouentis,
518 4000 675 4070 Oedipodis
700 4002 763 4055 filiis
789 4001 970 4072 imprecantis
993 4001 1150 4070 dissidium,
1172 4001 1277 4072 scripto
1300 4002 1471 4056 Pitthides

317 4072 383 4127 huic
396 4072 465 4126 uitio
478 4071 644 4127 medebitur.
680 4074 756 4126 Nam
770 4074 898 4128 Theseus
911 4073 999 4140 Aegei
1013 4083 1041 4128 et
1054 4073 1178 4128 Aethrae
1193 4071 1296 4128 Pitthei
1309 4073 1384 4126 filiae
1398 4073 1470 4128 iilius

319 4143 468 4212 (Hyg.14)
488 4159 552 4197 cum
574 4142 600 4196 ei
622 4149 680 4196 tres
697 4145 852 4214 optationes
869 4145 1022 4214 Neptunus
1042 4145 1167 4211 dedisset,
1189 4145 1302 4214 optauit
1321 4145 1470 4198 enteritum

316 4215 473 4298 ῌνρροίμίί
485 4214 556 4282 filii,
578 4231 644 4297 curn
666 4216 691 4267 is
710 4217 958 4299 patn'ususpeetus
981 4220 1050 4298 esset
1071 4212 1105 4268 de
1119 4231 1270 4296 nonaum,-
1299 4231 1354 4296 guo
1375 4218 1471 4285 optato

316 4284 1159 4436 titttietttnthttttt{thit‘zlttnih
1170 4284 1206 4409 i?
1215 4285 1337 4410 stlat
1351 4285 1469 4410 tet?

317 4424 356 4480 ad
376 4425 418 4479 lb.
440 4437 498 4494 577.
537 4427 638 4496 Neque
663 4427 732 4481 illud
757 4426 946 4481 omittendum
968 4427 1087 4495 uidetur,
1111 4426 1253 4496 Oedipum
1272 4443 1290 4481 a
1309 4426 1470 4480 Scholiasta

316 4496 388 4549 Ven.
405 4495 437 4550 11.
450 4495 486 4550 iv.
499 4497 552 4563 376
568 4506 679 4551 mortua
693 4499 806 4552 Iocasta
823 4514 888 4552 cum
902 4499 1124 4567 Astymedusam
1140 4497 1273 4566 duxisset,
1286 4498 1359 4551 haec
1374 4507 1469 4551 autem

316 4565 461 4636 priuignos
484 4583 550 4620 suos
572 4578 718 4622 accusaret
736 4577 883 4638 tamquam
902 4586 932 4625 se
951 4578 1146 4638 temptassent,
1166 4567 1196 4622 id
1218 4567 1394 4637 inprecatum
1413 4566 1468 4622 dici
