3312 5200
302 449 339 506 78
784 445 967 508 SCHOLIA

343 617 411 678 450.
429 603 586 684 Corpora
599 605 756 681 proiecta
769 621 856 681 quae
938 602 1115 663 Callimacus
1139 599 1198 686 [in]
1222 603 1355 663 inuidum
1383 606 1453 666 scri-

301 705 362 746 sua
391 697 515 764 purgat
540 704 636 763 aqua.
679 685 856 746 Callimacus
897 687 971 745 bens
997 703 1051 760 pro
1079 686 1141 744 eius
1169 686 1352 746 immunditia
1384 706 1453 746 eum

300 768 369 827 iecit
383 769 413 826 in
433 769 591 844 quemdam
605 769 755 828 inimicum
770 785 856 827 suum
897 766 1013 826 Ibidem
1023 767 1053 824 in
1067 766 1141 826 libro
1152 785 1206 826 suo
1217 769 1374 844 appellauit
1383 771 1453 847 quia

300 850 482 910 inuectiones
496 849 578 909 cuius
595 867 704 908 nomen
719 848 771 909 fuit
786 849 856 920 Ibis,
898 849 953 908 ibis
968 844 1003 931 [s.
1020 849 1134 908 ciconia
1148 858 1243 908 rostro
1262 861 1368 926 purgat
1382 869 1452 928 pos·

301 931 319 989 i.
330 932 483 998 hermenia,
495 949 569 1008 quae
584 950 616 990 se
630 943 724 991 rostro
739 930 857 990 inferius
896 930 1001 989 teriora
1014 940 1044 990 et
1057 931 1088 989 in
1099 930 1160 989 boc
1174 927 1347 1013 exercetur}
1380 932 1452 992 Asi.

301 1021 415 1090 purgat.
459 1013 496 1072 G.
639 1051 642 1058 ι
896 1019 922 1070 et
937 1012 971 1072 C.

345 1109 413 1167 451.
436 1094 589 1153 Vulnera
612 1104 734 1172 totque
757 1094 856 1153 seras.
940 1094 1135 1155 Menedemus
1167 1112 1244 1153 unus
1271 1093 1331 1154 dux
1360 1095 1453 1156 Grae-

301 1175 496 1236 Menedemus
515 1175 574 1235 dux
592 1175 774 1236 Graecorum
790 1187 857 1234 ante
898 1177 999 1235 corum
1015 1175 1094 1253 apud
1109 1176 1231 1235 Troiam
1245 1175 1375 1252 plun'mis
1389 1177 1454 1236 uul-

302 1255 425 1316 Troiam
436 1258 565 1334 pluribus
580 1258 676 1317 cultris
690 1257 856 1318 interfectus
898 1259 1014 1318 neribus
1036 1257 1193 1318 cultrorum
1210 1257 1376 1318 interfectus
1390 1259 1453 1330 fuit,

301 1349 354 1398 est
397 1339 485 1400 Vnde
500 1341 537 1398 ab
556 1341 618 1400 eius
638 1340 779 1399 sacrificio
796 1340 856 1401 cul·
896 1357 987 1415 quare
1010 1360 1028 1398 a
1052 1339 1143 1398 sacris
1169 1340 1231 1398 eius
1260 1340 1350 1399 culter
1378 1341 1454 1401 solet

301 1431 345 1481 ter
359 1421 461 1480 dicitur
475 1422 586 1481 abesse.
631 1421 681 1482 G:
897 1423 1009 1492 abesse,
1024 1431 1056 1479 ut
1070 1421 1110 1480 ait
1123 1419 1234 1480 Gallus.
1278 1421 1305 1481 C
1317 1422 1424 1481 etAsk.

343 1502 524 1562 Callimacus
538 1502 607 1562 dicit
626 1502 706 1579 quod
726 1503 756 1561 in
773 1502 868 1561 insula
882 1501 1014 1562 Cretensi
1033 1503 1069 1561 sit
1088 1502 1259 1561 sacrificium
1274 1502 1454 1563 Menedemo

301 1584 383 1644 heroi
399 1603 454 1644 nec
469 1584 544 1643 ferro
559 1585 717 1662 quicquam
732 1585 864 1642 inmolari
878 1585 948 1661 quia
962 1586 986 1646 is
1001 1584 1132 1663 plurimis
1146 1584 1314 1644 uulneribus
1327 1585 1358 1643 in
1372 1585 1450 1645 bello

302 1666 434 1725 Troiano
451 1666 543 1741 periit.
585 1666 623 1724 P.

287 1815 291 1822 ι
346 1763 414 1822 453.
435 1745 480 1805 Vt
500 1764 587 1823 quos
609 1746 772 1824 Cybeleia
792 1765 857 1806 ma·
941 1747 1113 1807 Sacerdotes
1155 1746 1280 1819 Cibeles,
1318 1767 1386 1807 cum
1422 1749 1453 1807 in

300 1837 362 1887 ter.
405 1828 505 1887 Cibele
519 1847 537 1887 a
552 1827 642 1888 Troia
659 1828 787 1888 Romam
807 1828 857 1888 de·
898 1830 1009 1905 templo
1034 1830 1125 1904 ipsius
1150 1824 1293 1910 [Cibeles]
1319 1841 1386 1888 sunt
1408 1849 1453 1889 re-

303 1910 361 1968 lata
374 1919 426 1982 est,
442 1909 523 1968 cuius
538 1910 561 1968 si
579 1911 644 1986 quis
661 1911 778 1970 uolebat
792 1928 857 1970 esse
899 1911 984 1987 cepti,
994 1910 1087 1968 uirilia
1094 1912 1225 1969 membra
1233 1911 1449 1981 abscinduntur,

301 1987 451 2060 sacerdos
460 2009 492 2050 se
504 1991 599 2067 ipsum
614 1994 756 2051 castrabat
770 2011 857 2068 prop·
898 2000 930 2050 ut
959 1991 1082 2051 habetur
1111 1992 1141 2050 in
1165 1990 1275 2051 Ouidio
1297 1991 1452 2052 Fastorum

300 2082 347 2131 ter
357 2072 585 2131 modulationem
595 2084 623 2131 et
634 2075 804 2133 castitatem.
819 2073 855 2133 G.
900 2073 936 2152 (I
940 2073 970 2133 V.
988 2092 1045 2149 ²49
1060 2071 1140 2152 squ).
1183 2072 1253 2133 Ast.
1267 2082 1295 2133 et
1309 2073 1342 2134 C.

346 2168 413 2228 455.
436 2153 507 2214 Nec
526 2154 653 2214 femina
671 2173 733 2214 nec
751 2156 802 2213 uir
820 2164 855 2213 ut
869 2155 968 2214 Attis.
1011 2156 1090 2213 Attis
1105 2155 1167 2213 eius
1182 2154 1254 2215 deae
1268 2157 1406 2216 sacerdos
1421 2174 1453 2216 se

302 2234 493 2295 ementulauit
507 2246 536 2295 et
550 2237 617 2295 ideo
632 2255 687 2295 nec
701 2247 745 2296 est
758 2239 803 2295 uir
817 2256 872 2296 nec
887 2237 1001 2295 semina
1049 2235 1085 2295 G.

343 2318 419 2376 Attis
441 2336 523 2393 puer,
537 2319 606 2394 quia
626 2319 797 2393 promiserat
818 2317 946 2395 Cybelae
967 2318 1135 2377 castitatem·
1149 2326 1178 2375 et
1199 2328 1303 2394 postea
1323 2317 1452 2392 uiolauit,

302 2398 397 2458 factus
412 2408 460 2558 est)
470 2400 599 2472 insanus,
614 2400 654 2458 ita
668 2400 748 2477 quod
759 2400 882 2460 abscidit
896 2399 988 2459 uirilia
999 2399 1062 2471 sibi,
1071 2409 1103 2458 ut
1112 2398 1151 2458 ait
1162 2398 1287 2459 Ouidius
1299 2398 1452 2459 Fastorum

317 2479 372 2540 IV.
390 2487 468 2556 '²²3-
514 2479 548 2540 C.

301 2481 314 2560 l
343 2576 411 2637 457.
442 2564 551 2641 Inque
586 2579 692 2640 pecus
730 2564 854 2624 subito.
936 2561 1146 2639 Hippomenes
1172 2573 1202 2622 et
1223 2563 1368 2635 Atalanta,
1385 2563 1454 2640 quia

228 2655 230 2658 ·
301 2644 508 2722 Hippomenes
546 2654 574 2703 et
608 2645 746 2704 Atalanta
788 2656 856 2722 post
897 2645 1069 2706 sacrificium
1096 2645 1208 2703 Veneni
1236 2663 1297 2704 non
1325 2644 1453 2705 fecerant

302 2745 403 2786 casum
423 2745 483 2803 quo
499 2744 566 2785 earn
580 2727 726 2787 deuicerat
742 2729 855 2787 auxilio
896 2745 965 2787 cum
989 2727 1020 2785 in
1044 2728 1154 2804 templo
1178 2725 1294 2786 Cibeles
1316 2744 1452 2787 concum-

339 2884 401 2931 450.
420 2864 710 2920 facereantecuiusG
781 2865 931 2920 erneniaG
1008 2866 1036 2918 in
1049 2867 1134 2920 emili
1201 2864 1453 2934 peaeiusimmun-

302 2938 398 2991 ditiam
412 2939 435 2990 C
496 2938 579 2992 Verba
587 2947 645 3007 post
658 2937 708 2990 ibis
720 2956 768 2990 am.
782 2938 809 2992 C.

339 3025 399 3073 451.
417 3006 573 3075 pluribusC
615 3008 705 3061 cultro
719 3010 784 3062 Ask.
829 3009 879 3062 int.
891 3014 934 3061 est
948 3009 1012 3061 Ask.
1056 3005 1153 3076 quare]
1168 3007 1299 3076 quiaCet
1313 3009 1377 3061 Ask.
1423 3008 1452 3060 in

301 3079 386 3132 sacris
410 3079 468 3131 eius
492 3079 582 3131 culter
605 3078 710 3132 solebat
735 3095 793 3131 esse
818 3084 850 3132 ut
870 3079 908 3131 ait
927 3079 1021 3131 Gallus
1039 3083 1069 3130 et
1092 3084 1159 3131 tunc
1178 3077 1273 3132 aberat
1291 3080 1356 3133 Ask.
1374 3080 1453 3147 inepte

301 3149 383 3201 Vnde
401 3150 429 3201 in
447 3149 585 3202 sacrificiis
603 3151 661 3202 eius
680 3149 760 3202 cultri
779 3166 836 3203 non
853 3149 1025 3203 habebantur
1036 3151 1113 3202 Mure
1131 3149 1230 3218 quibis
1248 3148 1286 3202 ad
1302 3150 1325 3203 G
1334 3152 1453 3220 proxime

301 3221 535 3289 acceditnisiquod
547 3220 652 3274 Gallum
665 3240 713 3274 non
725 3224 788 3274 citat
914 3221 1103 3273 CalimacusP
1233 3219 1415 3272 menedemon
1428 3222 1453 3272 P

301 3292 420 3344 Historia
438 3310 485 3344 non
498 3303 607 3360 prorsus
615 3292 716 3359 ficticia
735 3293 836 3346 uidetur
852 3310 912 3345 esse.
958 3291 1115 3344 Menedemus
1133 3291 1198 3342 enim
1215 3292 1337 3360 potestis
1354 3309 1405 3344 esse
1422 3291 1453 3342 de'

300 3381 348 3431 quo
373 3361 532 3416 Ptolemaeus
559 3363 709 3432 Hephaestio
738 3362 761 3414 V
782 3364 842 3416 haec
867 3362 951 3416 tradit
977 3360 1018 3416 ὅτι
1043 3363 1074 3414 τὸ
1101 3359 1238 3448 Ὁμηρικὸν
1262 3360 1452 3431 τιτρώσκεσθαι

300 3431 446 3500 μελλοντος
465 3431 547 3485 (Οὐδὲ
569 3433 654 3498 σέθεν,
674 3433 798 3499 Μενελαε,
817 3432 872 3486 θεοὶ
889 3434 1000 3503 μάκαρες
1016 3431 1160 3485 λελάθοντο
1185 3434 1278 3498 τοῦτον
1297 3432 1343 3485 τὸν
1360 3432 1454 3502 στίχον

300 3500 457 3574 παρῴδησεν
469 3505 482 3554 d
495 3501 593 3558 Hidros
605 3502 736 3570 Μενέδημε
749 3503 804 3558 ἀντὶ
816 3507 863 3557 τοῦ
876 3503 1001 3557 Μενέλαε.
1030 3501 1159 3572 προετάθη
1179 3500 1207 3554 δέ
1225 3502 1255 3556 τὸ
1274 3501 1370 3572 ζήτημα
1381 3503 1454 3570 παρὰ

300 3573 406 3628 δεῖπνον
418 3571 570 3644 Αὐγούστου
587 3577 634 3627 τοῦ
652 3574 792 3640 βασιλέως,
804 3575 880 3628 ποῖον
897 3574 990 3644 στίχον
1001 3571 1115 3642 Ὀμήρου
1131 3570 1285 3644 παρῴδησεν
1303 3574 1317 3624 d
1334 3574 1453 3643 χρησμὸς

302 3646 343 3698 καὶ
361 3644 400 3698 τίς
416 3643 516 3698 ε’στινὸ
534 3643 561 3699 ἐν
573 3647 609 3714 τῷ
628 3644 739 3716 χρησμηῖ
757 3643 948 3713 ἱστορούμενος.
978 3644 1020 3697 καὶ
1032 3644 1066 3698 ὡς
1078 3642 1226 3713 Μενέδημος
1237 3640 1343 3698 Ἠλεῖος
1355 3643 1453 3698 Βουνέα

300 3715 357 3768 υἱὸν
369 3714 499 3783 ὑπέδειξεν
505 3711 631 3785 Ἡρακλεῖ
642 3715 701 3785 περὶ
712 3717 757 3782 τῆς
770 3715 917 3785 καθάρσεως
928 3718 974 3768 τοῦ
984 3713 1084 3784 Αὐγέου
1093 3716 1190 3781 κόπρου
1203 3715 1271 3768 ὥστε
1283 3712 1454 3785 ἀποστρέψαι

301 3787 347 3840 τὸν
359 3788 484 3853 ποταμόν.
547 3787 625 3840 Credo
643 3787 816 3840 Menedemum
835 3786 925 3840 cultris
943 3789 1102 3852 interfectum
1121 3785 1180 3838 dum
1197 3785 1330 3854 populares
1348 3785 1453 3839 haerent

294 3857 432 3926 faciantne
439 3858 545 3922 beroem,
554 3858 704 3910 consuluisse
716 3857 846 3912 oraculum
859 3859 886 3911 in
894 3857 999 3927 Delphis
1006 3877 1015 3925 ,-
1028 3859 1067 3909 his
1077 3857 1196 3924 Pythium
1209 3857 1362 3925 respondisse
1370 3855 1453 3909 allato

302 3947 378 3982 uersu
391 3928 481 3980 iliadis
496 3928 539 3980 IV.
553 3941 601 3990 127
616 3926 682 3980 Οὐδὲ
696 3927 781 3993 σέθεν,
792 3926 933 3997 Μενέδημε,
947 3927 1002 3981 θεοὶ
1013 3949 1039 3996 ρ.
1052 3925 1204 3994 λελάθοντο,
1214 3928 1316 3995 aliaque
1326 3927 1453 3980 addidisse

301 4000 389 4067 quibus
407 3999 578 4051 Menedemum
597 3999 742 4052 uulneribus
760 4001 865 4052 occisum
880 4011 928 4067 pro
941 4000 1034 4068 patria
1046 3998 1162 4051 Menelao
1181 4009 1342 4068 coaptararet
1359 4016 1416 4050 cum
1433 4017 1452 4050 a

302 4070 426 4123 Pandaro
442 4072 542 4138 sagitta
560 4069 708 4122 uulneratus
726 4071 825 4123 nonnisi
841 4070 944 4124 deorum
963 4081 1004 4140 ope
1021 4070 1099 4122 letum
1116 4069 1253 4138 effugeret5
1270 4070 1344 4136 quasi
1361 4070 1453 4122 diceret

302 4141 361 4193 ‘Ne
378 4142 417 4194 tui
433 4142 540 4208 quidem,
554 4141 577 4194 O
590 4140 738 4205 dlenedema
752 4143 790 4194 uti
805 4159 848 4193 nec
860 4140 982 4207 Menelai,
994 4142 1031 4193 dii
1047 4140 1119 4192 obliti
1136 4151 1214 4194 sunt:
1231 4158 1336 4192 remeare
1353 4140 1452 4208 quidem

301 4230 350 4264 non
360 4213 602 4280 poterant‚faciumtr
611 4222 697 4264 tamen
709 4211 889 4277 immortalem,
902 4222 926 4265 et
938 4213 1005 4264 inter
1014 4212 1103 4263 heroas
1116 4210 1279 4264 consecrant!

338 4297 400 4345 453.
419 4280 502 4334 ditata
516 4283 539 4334 G
626 4281 841 4335 modulationem
853 4283 879 4335 h.
891 4301 913 4335 e.
925 4284 1046 4335 incitatus
1059 4281 1137 4334 modis
1151 4281 1274 4334 tibiarum
1287 4291 1311 4334 et
1324 4290 1353 4334 ut
1364 4291 1451 4334 castus

302 4363 417 4405 maneret
481 4349 601 4422 Cibeles]
615 4371 663 4405 om.
677 4354 742 4405 Ask.
814 4359 846 4405 ut
857 4352 886 4405 in
899 4352 1000 4405 Ouidio
1011 4349 1145 4406 fastorum
1157 4351 1259 4404 dicitur
1271 4351 1300 4406 C.

338 4438 399 4486 455.
417 4421 469 4474 atis
483 4422 529 4476 GC
597 4423 732 4476 abscindit
744 4424 772 4478 G.

338 4497 398 4556 457·
419 4492 565 4559 lpomenes
577 4498 606 4545 et
618 4494 759 4548 talantaG
842 4493 973 4548 ausilioG
1060 4493 1194 4546 nolensG.
1270 4491 1454 4562 §pomenesG

301 4562 459 4616 athlantaC
527 4565 660 4618 uerumC
729 4563 916 4619 concuberent
929 4565 957 4617 G.
