3294 5214
300 472 407 532 xxxviii
711 465 1037 528 PROLEGOMENA.

302 629 471 707 significarit
488 626 575 707 (Plut
591 628 629 688 de
648 627 688 686 Is.
709 635 739 685 et
758 624 833 687 Osir.
851 638 898 701 75,
917 622 1010 684 Clem.
1029 625 1135 684 Strom.
1153 643 1209 697 242
1224 623 1262 704 *),
1280 633 1309 683 et
1330 625 1360 683 in
1381 641 1455 684 con-

301 713 388 772 uiuiis
412 711 624 788 Aegyptiorum
649 726 717 767 cum
742 708 878 784 accipitre
902 722 958 783 pro
982 706 1051 764 luna
1070 716 1103 766 ut
1123 707 1147 765 is
1168 724 1223 783 pro
1244 707 1306 767 sole
1331 706 1456 782 figurata

302 793 387 852 luerit
400 802 429 852 et
443 792 481 852 ab
494 792 619 850 Aeliano
633 799 744 850 sacrata
757 789 843 848 lunae
857 788 994 850 dicatur†
1009 786 1063 867 (H.
1079 787 1114 846 A.
1129 787 1157 846 ii.
1174 786 1233 866 38).

344 874 478 934 Eandem
489 873 626 932 Mercurii
640 889 710 931 cum
722 871 867 947 Aegyptia
878 886 933 929 aue
944 869 1192 929 consociationem
1207 869 1335 928 declarat
1348 868 1455 939 fabula,

304 974 379 1033 quae
401 955 480 1031 apud
497 955 680 1013 Antoninum
702 952 867 1012 Liberalem
886 954 933 1022 28,
955 949 1095 1010 Ouidium
1115 950 1157 1009 M.
1172 968 1196 1008 v.
1214 970 1283 1025 331,
1301 950 1456 1026 Hyginum

303 1037 335 1096 P.
356 1036 393 1095 A.
418 1037 447 1095 ii.
472 1039 509 1095 28
533 1044 618 1095 extat
662 1033 722 1106 Qui
744 1034 786 1093 sic
807 1043 911 1092 narrat
952 1034 1090 1109 Aegyptii
1108 1034 1255 1091 sacerdotes
1276 1040 1303 1091 et
1327 1032 1460 1090 nonnulli

298 1125 393 1195 pactae
421 1118 524 1188 οἰωνοί,
551 1136 613 1175 cnm
646 1117 787 1190 conplures
813 1116 859 1172 dii
888 1116 918 1172 in
946 1114 1102 1190 Aegyptum
1131 1117 1323 1184 conuenissent,
1352 1119 1457 1188 repente

297 1202 457 1276 peruenisse
466 1201 553 1257 eadem
566 1197 705 1275 Dphona,
715 1200 881 1256 acerrimum
887 1198 1010 1273 giganta
1020 1202 1046 1252 et
1057 1198 1214 1254 maximum
1225 1197 1335 1254 deorum
1345 1195 1456 1252 hostem.

303 1284 467 1358 quotation
480 1288 618 1356 permotos
636 1281 668 1337 in
686 1280 761 1336 altas
773 1280 891 1356 figuras
904 1298 932 1336 se
944 1279 1106 1336 conuertisse
1113 1298 1129 1346 ,·
1151 1274 1329 1335 Marcmriam
1339 1278 1456 1356 sactum

303 1381 361 1422 esse
380 1362 447 1433 alan,
468 1363 622 1438 Apollinem
641 1368 730 1419 aulem
752 1379 821 1435 quae
840 1358 970 1418 ihrer'crb
991 1362 1193 1430 astruantur,
1212 1357 1339 1417 Dianam
1360 1359 1457 1416 aeluro

304 1445 467 1503 similatam.
485 1443 585 1519 qur'bns
606 1444 637 1500 de
656 1445 749 1500 causis
762 1440 915 1518 Aegyptiis
933 1461 964 1499 aa
980 1459 1085 1517 garrera
1107 1441 1216 1498 uallari
1231 1459 1285 1498 non
1305 1440 1393 1498 sanare
1413 1440 1456 1496 de-

306 1533 467 1598 monstrant,
482 1526 556 1600 quod
564 1526 673 1582 deornm
689 1523 823 1599 imagines
834 1525 973 1582 dr'canlur.

349 1607 562 1666 Callimachum
577 1607 665 1682 igitur
679 1606 767 1664 credo
787 1623 840 1681 per
861 1605 920 1664 ibin
941 1604 1124 1680 potissimum
1140 1603 1317 1678 significasse
1332 1600 1457 1678 Apollo·

307 1688 494 1765 niumquod,
504 1697 536 1746 ut
544 1687 727 1763 Apollonius
740 1687 816 1746 circa
825 1685 984 1745 Naucratin
994 1695 1162 1755 uersaretur,
1174 1694 1202 1744 et
1211 1684 1330 1743 haberet
1340 1701 1415 1760 quae
1426 1685 1456 1741 in

308 1769 458 1846 Apollonii
474 1769 604 1844 gestibus
618 1768 774 1845 habituque
789 1768 998 1837 morderentur,
1009 1777 1039 1825 et
1049 1768 1175 1826 eundem
1189 1777 1337 1843 tamquam
1352 1765 1457 1824 salsum

308 1851 457 1927 quendam
476 1849 611 1908 Hermen
630 1850 692 1909 siue
711 1849 840 1907 Hermae
859 1849 999 1907 famulum
1021 1858 1255 1924 repraesentaret.
1295 1847 1373 1905 Nam
1395 1848 1457 1905 siue

309 1933 403 1990 scriba
419 1932 482 2008 ipse
501 1930 549 1988 uel
568 1942 650 2006 pater
665 1931 765 2002 iuerat,
780 1930 907 1988 Hermes
924 1929 972 1988 ille
994 1932 1207 2003 ἱερογραμματεὺς
1226 1930 1349 1988 deorum
1367 1927 1457 1987 habe-

309 2015 407 2084 batur;
429 2012 491 2071 siue
513 2013 544 2069 in
566 2013 742 2071 carminibus
762 2030 873 2070 nouum
893 2011 1000 2087 aliquid
1015 2021 1044 2070 et
1057 2012 1229 2069 intentatum
1247 2008 1457 2081 affectarat‚·ad

309 2093 443 2152 Hermen
458 2093 604 2152 redierunt
618 2094 752 2167 γράμματα
766 2090 902 2170 (Phaedr.
919 2093 991 2172 274)
1005 2102 1033 2150 et
1047 2093 1188 2170 quidquid
1207 2094 1244 2151 ad
1260 2092 1393 2151 homines
1407 2109 1456 2148 ex-

309 2175 452 2234 colendos
465 2192 519 2250 per
533 2175 640 2232 litteras
655 2175 695 2233 fit.
737 2173 823 2234 Certe
844 2193 904 2232 non
920 2177 1024 2233 desunt
1042 2175 1073 2233 in
1088 2174 1302 2250 Argonauticis,
1319 2182 1352 2231 ut
1370 2172 1458 2231 hodie

308 2257 455 2333 leguntur,
481 2256 629 2332 Apollonii
656 2274 730 2334 quae
753 2256 899 2333 peculiare
924 2255 1074 2314 artificium
1100 2257 1215 2332 sapiant
1222 2274 1231 2327 ;
1253 2256 1407 2331 praecipue
1428 2255 1458 2311 in

310 2339 414 2398 ordine
426 2356 487 2414 quo
501 2338 610 2396 litterae
626 2347 827 2409 conectuntur,
839 2338 983 2396 uocabula
998 2355 1029 2396 se
1044 2339 1200 2414 excipiunt,
1212 2336 1290 2394 unde
1299 2336 1459 2395 distinctior

311 2437 449 2478 uersuum
468 2418 619 2494 rhythmus
634 2420 664 2476 fit
679 2429 708 2477 et
722 2421 805 2496 quasi
825 2438 877 2496 per
897 2420 1032 2478 articulos
1051 2419 1221 2495 expressior.
1263 2419 1299 2476 ld
1313 2417 1459 2494 singulare

312 2518 420 2559 munus
435 2501 565 2559 Hermae
584 2501 644 2560 siue
661 2499 779 2560 Theuth
794 2501 941 2578 Aegyptio
956 2499 1039 2558 Plato
1061 2501 1158 2558 tribuit
1177 2499 1207 2557 in
1227 2498 1348 2558 Philebo
1367 2497 1412 2568 18,
1426 2507 1459 2556 ut

311 2583 469 2642 litterarum
483 2583 536 2641 tria
550 2600 665 2659 genera,
679 2577 796 2641 uocales
810 2580 975 2660 (φωνήεντα),
991 2591 1084 2640 mutas
1095 2579 1217 2660 (ἄφωνα),
1233 2581 1343 2640 medias
1358 2581 1459 2659 (φωνῆς

311 2666 358 2734 μὲν
376 2669 415 2734 orl,
434 2666 556 2738 φθόγγων
575 2667 603 2728 δὲ
623 2665 761 2736 perigeni
778 2665 858 2736 τινος)
879 2663 1070 2734 discemeret3
1092 2681 1187 2739 neque
1202 2681 1220 2721 a
1233 2680 1305 2721 uero
1324 2662 1459 2721 abhorret

312 2744 371 2803 hoc
392 2746 422 2802 in
436 2742 586 2821 Apollonii
597 2738 783 2802 ‘carminibus
804 2744 985 2803 Callimacho
1006 2744 1194 2820 displicuisse,
1209 2745 1290 2821 quod
1308 2742 1459 2802 uocalibus

312 2824 405 2883 modo
419 2826 493 2884 inter
509 2844 540 2885 se
555 2824 706 2901 copulatis,
716 2825 809 2884 modo
824 2826 1003 2885 artificiosius
1015 2826 1169 2902 dispositis
1180 2824 1410 2884 consonantibus
1419 2824 1460 2880 ita

313 2906 471 2964 distributis
486 2915 518 2965 ut
532 2906 604 2964 nihil
617 2907 652 2965 in,
668 2925 755 2965 uersu
775 2906 830 2964 nisi
851 2925 887 2965 ex
903 2907 1053 2983 proposito
1067 2907 1197 2983 asperius
1211 2916 1335 2976 sonaret,
1349 2922 1460 2964 nouam

312 2987 461 3064 quandam
484 2997 576 3045 artem
597 2989 735 3047 inducere
755 2987 928 3051 uideretur.†
970 2987 1060 3060 Quod
1081 2989 1170 3065 siquis
1190 2989 1298 3047 obiciat
1316 2987 1373 3046 hoc
1390 3003 1459 3062 prae

237 3071 242 3080 '
312 3070 450 3127 omnibus
473 3068 701 3128 Callimacheum
723 3087 796 3139 esse,
821 3087 883 3128 non
905 3070 972 3129 ideo
994 3070 1071 3128 cadit
1093 3069 1268 3139 coniectura,
1290 3087 1361 3127 nam
1382 3068 1460 3126 idem

311 3149 341 3208 in
352 3149 637 3289 pgrpolitodcarmine
652 3151 826 3227 exquisitum
842 3159 962 3227 poterat,
972 3151 1003 3208 in
1017 3150 1209 3209 adulescentis
1222 3150 1361 3209 incohato
1371 3165 1459 3225 opere

312 3241 374 3307 putr
396 3249 447 3288 um
460 3249 489 3288 ur
511 3250 560 3289 err.

352 3311 454 3370 Unum
479 3313 767 3388 praetermittendum
794 3331 856 3372 non
885 3321 962 3372 erat:
994 3311 1205 3372 Callimachum
1233 3314 1264 3371 in
1292 3312 1461 3373 insectanda

342 3473 357 3507 *
372 3471 432 3519 Plut.
446 3473 475 3519 de
491 3472 519 3520 Is.
534 3480 557 3520 et
573 3472 633 3522 Osir.
648 3481 677 3536 75
690 3474 724 3537 Τῇ
743 3470 768 3522 δὲ
785 3470 833 3521 τῶν
845 3472 923 3520 ποδῶν
934 3470 1046 3527 διαβάσει
1062 3471 1118 3536 πρὸς
1134 3471 1257 3534 ἀλλήλους
1273 3471 1313 3521 real
1326 3471 1356 3520 τὸ
1368 3471 1460 3537 ῥύγχος

308 3533 451 3598 δσόελεωρον
460 3537 526 3584 ποιεῖ
530 3536 655 3599 τρίγωνον·
674 3536 710 3587 ἔτι
720 3537 745 3586 δὲ
753 3539 768 3600 π)
776 3537 826 3586 τῶν
833 3536 944 3599 μελάνων
952 3539 1044 3600 πτερῶν
1052 3539 1104 3602 περὶ
1113 3539 1144 3588 sd
1152 3537 1228 3588 λευκὰ
1236 3537 1342 3586 ποικιλία
1351 3539 1392 3588 real
1401 3539 1460 3600 μίξις

308 3600 419 3664 δμφοίνει
431 3601 477 3662 τήν
488 3600 595 3664 σελήνην
606 3601 762 3667 ἀμφίκυρτον.
789 3605 847 3653 Vide
858 3605 1087 3666 Partheyumirrloc.
1111 3607 1280 3654 Clemstrom.
1293 3619 1340 3668 ²4²
1353 3607 1375 3654 S.
1392 3602 1459 3652 ‘att

308 3663 357 3782 ἶφις
363 3665 516 3794 giffelton)
525 3665 638 3730 σελήνης,
647 3667 679 3716 τὰ
690 3668 736 3729 μὲν
745 3667 829 3733 σκιερὰ
840 3670 875 3732 τῷ
885 3669 979 3730 μήλονι,
987 3669 1019 3718 τὰ
1031 3670 1056 3719 δὲ
1067 3668 1170 3733 φωτεινὰ
1178 3671 1213 3732 τῷ
1221 3670 1302 3731 teve&
1311 3668 1360 3718 τοῖν
1368 3667 1460 3717 πτίλων

308 3750 361 3781 erra
389 3749 460 3784 νπων.

343 3801 362 3858 †
378 3800 467 3850 Aelian.
479 3799 510 3850 H.
522 3799 552 3848 Α.
563 3799 587 3848 ii.
602 3799 633 3860 38
644 3795 706 3863 Ἱερὰ
716 3799 761 3861 τῆς
773 3797 878 3863 σελήνης
888 3800 904 3862 ν)
916 3797 977 3861 δμνις
986 3799 1047 3849 tart.
1072 3799 1197 3849 τοσούτων
1208 3799 1269 3864 γοῦν
1279 3799 1375 3862 ήμερῶν
1385 3797 1416 3848 τὰ
1426 3797 1462 3863 ald

310 3863 436 3928 διγλύφει,
448 3864 538 3925 δσωντ)
555 3861 608 3912 θεὸς
624 3863 688 3926 αὔξει
700 3882 728 3913 πε
745 3865 785 3914 real
801 3865 881 3928 λήγει.
907 3865 950 3925 τῆς
962 3866 988 3913 δὲ
999 3865 1122 3928 Αἰγύπτου
1139 3865 1226 3916 οὔποτε
1243 3865 1366 3928 ἀποδημεῖ.
1389 3865 1418 3914 τὸ
1434 3863 1460 3913 δὲ

309 3927 395 3991 airaon,
412 3928 547 3991 νοπιωτάτη
566 3930 651 3992 χωρῶν
670 3930 769 3979 ἁπασῶν
787 3928 906 3991 Αἴγυπτός
927 3930 988 3986 ἐστι,
1007 3931 1048 3979 nal
1066 3933 1082 3993 τ)
1102 3931 1194 3994 σελήνη
1214 3929 1240 3979 δὲ
1260 3929 1391 3994 νοτιωτάπη
1410 3930 1461 3978 τῶν

311 3993 472 4055 πλανωμένων
482 3994 579 4059 ἄστρων
587 3994 748 4045 πεπίστευται.
766 4003 772 4024 ‘
782 3996 868 4044 Tehuti
881 4004 1004 4057 represents
1012 3997 1052 4044 the
1061 3999 1145 4055 Moon,
1153 3998 1229 4045 which
1240 3997 1346 4045 hewears
1353 4013 1416 4058 upon
1425 3998 1461 4044 his

311 4060 379 4119 head,
391 4061 465 4109 either
475 4077 500 4109 as
511 4071 613 4108 crescent
623 4076 651 4108 or
664 4078 688 4109 as
700 4063 739 4109 lull
751 4061 818 4121 dista
836 4064 880 4109 and
892 4077 917 4109 as
929 4077 971 4109 our
982 4063 1047 4109 word
1058 4079 1126 4110 moon
1143 4064 1161 4111 is
1178 4063 1271 4111 derived
1287 4065 1346 4111 lrom
1357 4063 1397 4110 the
1409 4071 1461 4110 root

312 4124 361 4180 md,
372 4131 413 4173 ‘to
424 4127 543 4182 measure,'
556 4161 562 4173 .
575 4160 581 4174 .
594 4163 601 4176 .
615 4143 668 4174 .we
685 4127 743 4174 shall
759 4137 800 4174 not
816 4129 845 4174 be
862 4128 975 4188 surprised
991 4127 1011 4174 if
1026 4143 1061 4175 we
1076 4128 1124 4175 find
1139 4144 1152 4175 a
1165 4144 1220 4192 very
1231 4129 1316 4176 similar
1327 4137 1425 4175 account
1436 4127 1465 4174 of

312 4189 353 4236 the
365 4192 501 4255 etymology
512 4192 558 4239 and
575 4194 695 4240 attributes
712 4193 740 4240 oi
753 4191 849 4242 Tehuti.
883 4193 959 4241 There
975 4193 994 4240 is
1011 4209 1042 4240 no
1059 4193 1114 4241 such
1131 4194 1218 4242 known
1229 4194 1344 4256 Egyptian
1356 4195 1419 4241 word
1437 4208 1462 4239 as

312 4253 375 4315 lehn,
393 4256 435 4303 but
452 4257 516 4304 there
533 4258 551 4304 is
567 4266 631 4317 texat,
648 4259 723 4306 which
740 4258 759 4304 is
776 4273 789 4304 a
806 4259 910 4306 dialectic
927 4260 1024 4320 variety,
1041 4260 1086 4306 and
1104 4261 1122 4306 is
1139 4260 1237 4321 actually
1248 4260 1304 4306 used
1321 4274 1345 4307 as
1361 4275 1374 4306 a
1391 4274 1462 4306 name

314 4319 342 4366 oi
356 4319 396 4367 the
413 4321 467 4383 god.
503 4320 561 4368 This
578 4323 638 4370 form
654 4324 753 4384 supplies
769 4338 795 4370 us
810 4323 866 4371 with
880 4324 920 4371 the
930 4339 1012 4371 reason
1024 4324 1078 4386 why
1090 4324 1129 4372 the
1146 4326 1192 4387 god
1209 4326 1227 4372 is
1242 4325 1385 4384 represented
1397 4339 1421 4371 as
1431 4338 1462 4370 au

313 4385 364 4434 ibis.
399 4385 431 4432 Ας
441 4386 484 4433 Seb
495 4386 514 4433 is
525 4385 565 4434 the
577 4403 644 4436 name
656 4389 713 4437 both
725 4389 751 4436 oi
761 4405 775 4436 a
786 4404 857 4452 goose
871 4390 916 4436 and
930 4390 959 4437 of
968 4389 1008 4437 the
1022 4388 1154 4454 earth-god,
1165 4405 1191 4437 so
1208 4391 1226 4437 is
1241 4389 1323 4438 Techu
1338 4390 1379 4438 the
1393 4404 1463 4436 name

313 4451 342 4496 ol
350 4464 379 4496 an
391 4450 433 4497 ibis
444 4452 489 4498 and
501 4452 529 4499 oi
535 4452 576 4500 the
587 4455 723 4518 moon-god.
757 4453 844 4502 Tehuti
855 4455 966 4517 probably
977 4455 1083 4518 signifies,
1095 4470 1119 4502 as
1131 4456 1167 4506 Μ.
1178 4456 1269 4504 Naville
1279 4455 1321 4502 has
1332 4454 1462 4520 suggested,

313 4513 354 4563 the
365 4520 380 4542 ‘⁶
388 4514 571 4568 ibis-beaded.''‘
605 4519 706 4575 Renouf,
718 4519 826 4585 Religion
838 4521 866 4567 of
873 4522 971 4568 Audeat
982 4521 1066 4584 Egypt,
1077 4535 1099 4581 p.
1112 4519 1167 4571 116.
