3294 5214
276 443 295 482 x
717 419 964 482 PRAEFATIO.

278 600 338 659 quo
352 581 500 642 Domitius
517 581 676 642 Ascensius
695 581 829 642 Zarottus
846 581 1002 642 Trasillum
1021 581 1069 642 uel
1085 582 1236 642 Prasillum
1256 582 1425 653 ediderant;

278 689 335 750 512
352 685 428 735 recte
443 675 481 735 de
496 674 647 735 Simonide
661 675 808 748 intellexit,
822 675 904 753 quod
918 686 986 735 ante
1001 694 1069 735 eum
1083 675 1221 736 fefellerat
1235 693 1347 736 omnes.

317 769 418 828 Vnum
432 769 604 846 Leopardus
623 769 715 846 Belga
734 771 815 846 quod
835 770 1026 843 certi-unum
1043 769 1124 847 quod
1145 788 1216 830 uero
1238 769 1330 829 simile
1350 777 1427 828 esset

277 863 379 923 adtulit
399 864 429 922 in
449 862 716 924 Emendationibus
737 864 821 924 editis
845 873 912 941 post
933 873 1058 924 mortem
1079 883 1103 923 a.
1123 866 1209 939 1568,
1234 863 1304 922 illud
1327 873 1426 922 tamen

275 969 338 1018 tam
361 959 478 1034 egregie
502 968 535 1018 ut
559 969 655 1019 cetera
676 975 744 1018 eum
772 959 884 1018 mireris
911 957 1036 1018 latuisse.
1078 957 1157 1017 Nam
1178 976 1207 1017 u.
1231 972 1290 1034 539
1314 967 1426 1016 mutato

276 1052 400 1128 Myrrae
413 1053 444 1110 in
460 1051 552 1130 Cyrae
569 1052 665 1112 lucem
684 1052 751 1112 loco
767 1053 872 1112 offudit
890 1053 940 1111 ubi
959 1063 1026 1112 aute
1045 1070 1113 1112 eum
1132 1050 1232 1111 omnia
1250 1052 1280 1111 in
1299 1053 1426 1112 obscum

277 1156 367 1206 erant.
409 1146 506 1222 Magis
525 1147 635 1207 incerta
654 1156 721 1206 sunt
740 1164 815 1225 quae
834 1145 871 1206 de
888 1145 1012 1206 Biothea
1029 1147 1182 1223 proposuit
1199 1165 1226 1205 u.
1243 1159 1311 1221 517,
1329 1145 1380 1206 sed
1395 1154 1426 1203 ut

276 1241 399 1300 aliorum
418 1240 592 1301 coniecturis
611 1241 648 1300 de
668 1241 876 1300 obscurissimo
893 1259 979 1300 uersu
999 1240 1083 1300 facile
1099 1240 1249 1300 excellant.
1293 1239 1425 1316 Reliquis

276 1335 307 1392 iu
326 1334 399 1394 locis
420 1352 496 1411 quos
516 1335 547 1392 in
568 1333 833 1394 Emendationibus
855 1334 987 1394 tractauit
1007 1351 1077 1394 uera
1097 1334 1156 1393 iam
1176 1333 1289 1410 pridem
1310 1335 1426 1392 innotu-

276 1438 374 1488 erant:
403 1428 520 1488 laudem
544 1437 644 1488 tamen
669 1427 756 1487 etiam
780 1429 811 1487 in
835 1426 880 1489 his
900 1429 1018 1488 meritus
1039 1437 1090 1500 est,
1113 1428 1163 1505 qui
1183 1428 1315 1487 historias
1336 1426 1425 1486 fusius

276 1522 440 1581 enarrando
461 1532 490 1582 et
515 1541 551 1581 ex
576 1520 674 1582 multis
700 1522 895 1599 scriptoribus,
919 1523 1087 1599 praesertim
1108 1521 1236 1594 GraecIs,
1256 1531 1355 1581 uetera
1379 1519 1425 1579 illa

276 1625 306 1675 et
325 1616 456 1692 explosa,
476 1616 603 1676 necdum
628 1616 743 1687 abolita,
765 1616 880 1691 penitus
900 1617 1050 1676 amouerit.
1098 1615 1177 1674 Nam
1198 1614 1369 1692 Leopardus
1389 1632 1425 1673 ea

275 1709 362 1768 etiam
384 1719 478 1770 aetate
497 1728 572 1787 quae
586 1709 749 1768 Victorium
769 1709 942 1769 Turnebum
964 1710 1113 1776 Muretum
1133 1709 1228 1769 tulerit
1248 1709 1354 1786 dignus
1374 1708 1425 1786 qui

275 1803 376 1880 primis
390 1804 643 1877 adnumeraretur3
665 1803 744 1863 unde
763 1803 834 1862 nihil
851 1803 912 1864 fere
931 1804 1045 1881 scripsit
1065 1804 1145 1882 quod
1164 1821 1226 1862 nou
1244 1802 1332 1863 hodie
1351 1819 1424 1880 quo-

276 1915 333 1974 que
348 1899 444 1956 bonae
461 1897 552 1974 smgis
570 1899 606 1957 sit
625 1897 821 1956 iudicandum.
865 1898 951 1970 Quae
970 1899 1055 1974 igitur
1071 1906 1139 1958 ante
1157 1897 1345 1974 Leopardum
1366 1897 1424 1955 iam

277 1991 411 2068 Micyllus
425 1991 544 2062 uiderat,
559 1992 652 2050 multo
669 1991 777 2068 largius
796 1990 967 2068 doctiusque
981 1992 1061 2067 apud
1074 1991 1262 2068 leopardum
1276 1991 1423 2061 inuenies;

277 2103 352 2162 quae
377 2083 549 2161 leopardus
573 2084 683 2156 adtulit,
710 2084 742 2142 iu
768 2083 917 2161 Saluagnii
945 2086 1155 2145 commentario
1182 2085 1320 2163 pleraque
1343 2101 1424 2144 com-

274 2187 383 2257 parent

316 2271 397 2332 Nihil
417 2271 573 2343 Victorius,
599 2271 696 2349 aliqua
718 2270 873 2332 Turnebus
897 2291 932 2332 ac
958 2272 1103 2346 Schottus,
1127 2292 1219 2334 unum
1243 2273 1423 2348 alterumque

276 2366 420 2444 Iosephus
442 2363 596 2443 Scaliger,*
619 2366 657 2425 ad
677 2365 730 2425 has
751 2367 906 2427 soluendas
925 2370 1065 2444 ambages
1086 2368 1226 2427 contulit:
1251 2384 1313 2426 non
1332 2367 1423 2425 multa

277 2461 421 2532 Sanctius,
435 2460 485 2537 qui
500 2459 620 2518 nimium
640 2460 694 2518 sibi
708 2459 798 2520 defuit
816 2461 846 2520 in
861 2461 1081 2521 Commentario
1096 2480 1184 2538 quem
1204 2463 1235 2520 in
1250 2460 1318 2519 Ibin
1332 2460 1423 2520 edidit

276 2554 469 2616 Salmanticae
486 2555 574 2630 1598,
589 2554 643 2613 etsi
663 2554 772 2630 primus
788 2555 902 2615 uidetur
915 2554 1113 2631 Astacidaeque
1129 2556 1160 2614 in
1175 2568 1233 2629 515
1255 2553 1422 2614 restituisse.

275 2649 380 2727 Neque
406 2646 549 2708 Hercules
573 2647 715 2707 Ciofanus
740 2646 951 2720 Sulmonensis,
975 2651 1020 2707 uir
1041 2649 1078 2708 de
1099 2659 1291 2708 conterraneo
1313 2646 1422 2706 Ouidio

274 2743 385 2820 optime
413 2742 540 2813 meritus,
568 2741 722 2818 praecipue
750 2742 780 2800 in
808 2741 1105 2819 Metamorphosibus,
1130 2744 1161 2801 in
1188 2741 1272 2802 Ibide
1298 2743 1422 2801 multum

274 2835 360 2898 studii
374 2834 480 2912 posuit,
491 2851 670 2911 quamquam
684 2834 792 2894 codicis
805 2834 956 2894 Maffeiani
969 2836 1117 2909 lectiones,
1128 2854 1236 2914 easque
1250 2835 1421 2905 medioeres,

273 2949 381 3008 operae
395 2929 497 2988 habuit
515 2928 636 3000 adferre,
658 2929 889 3007 opusculumque
909 2949 995 2991 suum
1014 2930 1131 2991 Mureto
1150 2931 1254 2990 iuniori
1276 2930 1422 2992 dedicauit

274 3045 300 3086 a.
316 3026 404 3099 1580.
450 3022 621 3082 Editionem
635 3022 658 3080 I.
674 3022 809 3082 Mercerii
822 3041 890 3082 cum
904 3035 1063 3084 comment.
1078 3025 1167 3084 Paris.
1185 3027 1260 3098 1568
1276 3042 1338 3083 nou
1352 3023 1421 3083 uidi.

315 3117 461 3194 Insignior
474 3116 519 3175 his
533 3134 624 3192 opera
640 3116 692 3175 fuit
702 3116 809 3176 Valerii
823 3116 960 3177 Andreae
974 3117 1107 3190 Desselii‚
1122 3117 1322 3189 Louaniensis
1338 3118 1421 3177 cuius

273 3214 303 3273 in
318 3213 384 3272 Ibin
399 3210 565 3270 notationes
579 3209 683 3268 additis
699 3209 860 3269 Sanctianis
873 3209 1052 3287 Antuerpiae
1066 3211 1235 3288 prodierunt
1248 3229 1328 3271 anno
1343 3213 1419 3268 1618

272 3325 341 3371 curn
369 3305 467 3364 electis
492 3303 772 3380 Metamorphoseon
800 3303 900 3363 Iacobi
929 3304 1061 3364 Pontani.
1112 3304 1171 3362 Hic
1196 3305 1421 3364 commentarius

273 3404 311 3476 76
340 3399 463 3478 paginas
491 3398 653 3470 continens,
682 3399 801 3474 scriptas
829 3398 941 3458 duabus
969 3399 1096 3474 singulas
1127 3399 1279 3469 columnIs,
1307 3409 1422 3475 praeter

273 3493 502 3569 Saluagnianum
525 3492 615 3568 longe
640 3493 767 3568 optimus
791 3511 809 3551 a
833 3511 882 3551 me
906 3492 1036 3552 habetur.
1078 3491 1146 3552 Fuit
1169 3492 1315 3551 Desselius
1339 3493 1420 3552 iuris·

272 3589 430 3658 consultus,
442 3584 598 3663 discipulus
613 3585 691 3644 idem
703 3586 837 3646 Andreae
850 3585 969 3660 Schotti‚
980 3597 1168 3665 praeceptore
1183 3604 1237 3647 suo
1251 3604 1313 3645 non
1327 3587 1429 3665 indig-'

270 3701 336 3755 nus,
358 3681 382 3741 si
403 3680 594 3740 eruditionem
615 3690 745 3757 spectes;
774 3699 843 3740 nam
863 3691 959 3742 cetera
976 3700 1038 3741 non
1057 3692 1139 3743 erant
1158 3701 1195 3741 ex
1214 3699 1318 3758 aequo
1361 3679 1421 3740 Sed

270 3778 408 3837 Pontano
430 3775 614 3852 degrauatus‚
636 3775 718 3834 cuius
743 3773 814 3835 liber
835 3784 879 3835 est
901 3778 959 3850 655
983 3777 1165 3852 paginarum,
1187 3776 1217 3834 in
1241 3774 1420 3851 profundum

271 3872 349 3943 abiit,
368 3880 454 3947 atque
474 3868 561 3927 hodie
579 3886 674 3944 paene
693 3870 811 3945 Ignotus
827 3877 879 3928 est.
922 3869 970 3928 Ne
989 3870 1074 3928 uobis
1093 3870 1212 3946 quidem
1232 3868 1351 3928 facultas
1368 3868 1421 3928 luit

270 3983 346 4042 opus
360 3965 422 4024 eius
436 3963 609 4041 inspicIendi
623 3963 679 4022 nisi
692 3972 759 4039 post
775 3965 939 4040 inpressum
954 3962 1204 4022 Commentarium
1218 3972 1247 4021 et
1261 3961 1419 4035 Excursus‚

270 4057 358 4135 idque
372 4057 577 4117 beneuolentia
594 4055 716 4116 Henrici
734 4056 899 4128 Bradshaw‚
913 4057 964 4134 qui
984 4074 1021 4114 ex
1040 4055 1221 4115 Bibliotheca
1234 4055 1418 4132 Cantabrigi-

270 4152 332 4212 ensi
353 4152 457 4228 ingens
478 4150 618 4210 uolumen
638 4160 667 4209 et
688 4150 739 4209 diu
760 4143 927 4227 neglectum
947 4150 1096 4227 protraxit.
1140 4149 1214 4209 Sunt
1233 4159 1332 4210 tamen
1358 4168 1420 4209 non

270 4263 364 4321 pauca
384 4245 422 4303 ab
442 4243 500 4304 hoc
520 4244 616 4321 primo
637 4243 757 4303 inuenta
779 4262 854 4322 quae
876 4243 1034 4321 Saluagnio
1058 4244 1228 4321 plerumque
1249 4244 1419 4316 tribuuntur,

268 4340 424 4416 praecipue
445 4348 562 4415 sumpta
581 4357 617 4398 ex
637 4337 758 4398 Graecis
777 4337 972 4416 Lycophrona
988 4338 1149 4416 Apollonio
1163 4338 1317 4399 Athenaeo
1333 4339 1419 4398 Calli-

617 4454 631 4488 *
648 4453 684 4502 sic
696 4454 794 4502 restituit
805 4453 960 4516 Leoprepidae
970 4469 994 4504 u.
1006 4466 1061 4517 512.
