3296 5210
326 439 382 496 176
786 433 1009 496 EXCVRSVS.

358 592 405 647 Ad
416 593 485 647 825.
505 591 613 662 thue
631 588 732 653 †Milo
752 591 811 646 sub
830 608 894 662 quo
913 591 1063 646 cruciata
1081 598 1131 646 est
1149 587 1247 653 †Pisa
1265 599 1409 659 tyranno

543 661 647 717 Vinus
665 661 698 715 in
717 662 866 716 occultas
885 661 1124 732 praecipiteris
1143 678 1253 732 aquas.

360 731 435 788 Mira
453 731 482 786 in
500 731 545 786 his
564 731 691 786 uersibus
710 732 832 788 uarietas
851 733 1013 814 scripturae.
1052 734 1129 787 Nam
1146 749 1197 801 pro
1209 732 1286 786 Milo
1303 731 1379 802 quod
1398 731 1478 787 exhi·

322 803 391 860 bent
404 802 538 874 plerique,
552 802 581 857 in
594 802 734 858 Vaticano
752 813 796 858 est
808 803 897 871 nulla,
910 820 939 856 m
952 802 1167 858 Vindobonensi
1181 804 1263 857 mala.
1296 801 1410 856 Deinde
1423 818 1477 872 pro

322 875 446 999 quekVat
462 875 549 929 habet
568 891 644 944 qua;
665 873 788 944 denique
804 890 856 945 pro
866 875 935 945 pisa
948 875 993 929 uel
1006 878 1081 946 pyra
1098 876 1120 928 F
1134 873 1221 928 habet
1233 875 1304 944 ipsa,
1318 875 1375 927 Vat
1389 877 1477 943 pyra,

323 947 349 1000 G
389 962 460 1000 ama

360 1015 426 1069 Dixi
444 1014 473 1069 in
488 1023 584 1070 annot.
602 1014 639 1069 ad
656 1015 708 1069 loc.
726 1030 810 1084 posse
829 1016 1013 1069 Etruscorum
1031 1013 1182 1084 significari
1203 1013 1307 1070 Pisam.
1346 1013 1432 1083 Quod
1451 1012 1476 1068 si

323 1102 389 1141 uere
403 1085 536 1154 conclusi,
546 1085 667 1140 sonasse
679 1086 734 1140 huc
747 1095 877 1156 spectant
890 1102 963 1156 quae
976 1103 1020 1156 ap.
1033 1086 1215 1140 Plutarchum
1228 1085 1358 1154 leguntur
1372 1085 1474 1139 Parall

322 1157 357 1212 xl.
369 1153 475 1211 Ἀννιας
495 1155 524 1210 δὲ
542 1154 664 1210 Τούσκων
681 1155 816 1224 βασιλεύς,
834 1157 901 1227 ίχων
924 1155 1052 1246 θυματίρα
1076 1157 1217 1226 εὔμορφον,
1237 1159 1348 1223 τοῦνομα
1369 1157 1476 1224 Σαλίαν,
1541 1197 1543 1206 .

321 1227 450 1294 παρθένον
472 1225 563 1295 ίτίρρει.
601 1226 718 1294 Κάθητος
735 1225 759 1280 δ’
776 1227 806 1280 εἰς
822 1232 873 1281 τῶν
890 1227 1024 1314 ε’πισρμων
1041 1226 1103 1280 ίδων
1120 1227 1166 1294 τὴν
1183 1226 1311 1295 παρθένον
1331 1226 1477 1292 παίζουσαν

322 1295 423 1368 ἠράσθη
440 1297 481 1350 καί
497 1297 532 1366 μὴ
547 1296 649 1368 στέγων
664 1296 767 1367 ἥρπασε
781 1297 822 1351 καί
837 1294 900 1368 ἦγεν
913 1297 949 1353 είς
969 1300 1064 1366 Ρώμην.
1102 1299 1116 1348 ό
1133 1297 1161 1350 δὲ
1175 1297 1259 1364 πατὴρ
1277 1296 1416 1363 ἐπιδιώξας
1433 1297 1476 1350 καλ

322 1368 357 1437 μὴ
374 1369 525 1434 συλλαβών,
536 1367 619 1435 ἥλατο
634 1366 671 1423 είς
688 1368 733 1422 τὸν
745 1366 908 1438 Παρεούσιον
923 1369 1047 1437 ποταμόν,
1060 1366 1088 1423 δς
1103 1364 1195 1421 Ἀνίων
1211 1367 1398 1436 μετωνομάσθη
1411 1386 1418 1422 :
1435 1376 1475 1442 ¹ut

323 1438 474 1507 legendum
493 1437 529 1493 sit
542 1440 651 1508 thue
670 1437 764 1504 Anio,
777 1439 929 1493 occultas
948 1448 1043 1494 autem
1062 1455 1165 1509 aquas
1184 1437 1324 1507 intelligas
1344 1437 1380 1492 de
1399 1458 1475 1491 κατα-

321 1511 400 1580 ριίιιτῃ
413 1507 443 1562 δν
454 1512 522 1564 ποιεί
532 1511 635 1565 πλωτὸς
647 1507 682 1562 ὣν
694 1511 709 1560 ὅ
721 1505 812 1562 Ἀνίων
823 1505 870 1580 ἀφ’
882 1508 969 1580 ὕψους
983 1511 1098 1580 μεγάλου
1117 1508 1280 1563 καταπίπτων
1296 1508 1333 1563 είς
1349 1508 1476 1581 φάραγγα

321 1580 430 1648 βαθεῖαν
441 1581 482 1634 καί
494 1580 610 1646 καταλσῆ
625 1579 730 1648 (Strab.
743 1578 816 1647 238).

360 1653 445 1705 Hanc
457 1650 582 1704 fabulam
595 1649 635 1704 ita
647 1649 827 1704 coniunctam
844 1649 1012 1706 crediderim
1029 1667 1094 1705 cum
1111 1650 1200 1705 altera
1212 1658 1243 1704 ut
1255 1648 1284 1702 in
1297 1665 1385 1702 unum
1399 1649 1475 1703 coal-

321 1720 423 1776 uerint.
460 1723 512 1775 Est
531 1730 626 1775 autem
645 1720 716 1774 haec
735 1722 823 1775 altera
841 1721 877 1776 de
896 1721 1019 1790 muliere,
1033 1738 1119 1791 quam
1136 1719 1221 1774 uariis
1240 1718 1402 1774 nominibus
1421 1735 1476 1789 pro

322 1793 386 1846 loco
404 1791 452 1846 ubi
470 1808 516 1845 res
534 1790 593 1860 geri
613 1791 778 1860 fingebatur,
791 1793 920 1845 Setaeam
934 1794 996 1845 siue
1011 1794 1095 1846 Seten
1112 1791 1189 1860 (Lyc.
1206 1803 1254 1858 107
1258 1802 1281 1859 5,
1295 1806 1360 1844 cum
1378 1790 1474 1845 Schol.

325 1861 515 1930 Kinlreliano)‚
542 1862 668 1915 Caietam
693 1862 797 1930 (Aurei
823 1861 921 1917 Victor
945 1881 971 1931 x,
996 1879 1081 1932 quem
1105 1862 1199 1915 locum
1223 1860 1316 1916 attulit
1343 1861 1475 1930 Heynius

322 1932 352 1986 in
372 1934 499 1986 Excursu
517 1930 555 1986 ad
573 1934 643 1986 Aen.
657 1951 682 1986 v.
697 1932 771 2001 604),
790 1934 909 1986 Romam
929 1932 1028 2000 (Tzetz.
1049 1932 1087 1986 ad
1107 1933 1173 2001 Lyc.
1190 1943 1264 2000 1075,
1284 1933 1395 1986 Festus.
1416 1949 1436 1986 s.
1447 1949 1474 1986 u.

323 2003 454 2056 Romam.
474 2002 595 2070 Lembos,
614 2004 668 2072 qui
682 2003 848 2072 appellatur
864 2004 1037 2073 Heraclides,
1055 2005 1201 2057 existimat
1217 2003 1422 2057 reuertentibus
1439 2001 1476 2055 ab

321 2073 379 2128 Ilia
390 2072 512 2126 Achiuis
527 2073 667 2142 quendam
681 2073 826 2143 (quasdam
841 2074 1005 2142 Muellerus)
1017 2078 1179 2144 tempestate
1193 2073 1309 2128 deiectos
1325 2073 1358 2126 in
1369 2073 1477 2126 Italiae

322 2145 449 2215 regiones
464 2149 571 2198 secutas
590 2144 698 2197 Tibem's
713 2145 861 2199 decursum
875 2147 1038 2214 pememsse
1056 2145 1106 2200 ubi
1121 2161 1198 2198 nunc
1214 2145 1253 2197 sit
1268 2145 1368 2211 Roma,
1381 2144 1477 2212 ι’θίριιι

316 2218 439 2286 propter
460 2213 584 2268 taedium
613 2216 808 2285 nauigationis
831 2216 971 2286 impulsas
998 2217 1128 2286 captiuas
1155 2217 1323 2268 auctaretate
1347 2216 1478 2286 uirgineis

321 2285 469 2340 cuiusdam
485 2286 665 2354 tempestiuae
681 2287 794 2354 nemine
804 2285 924 2340 Rleames
938 2287 1092 2340 incendisse
1108 2287 1230 2353 classem,
1243 2284 1410 2338 Aristoteles
1427 2301 1473 2354 ap.

323 2355 444 2425 Dionys.
457 2355 571 2426 Antiqq.
582 2355 601 2408 i.
611 2367 653 2424 72,
667 2355 783 2410 Eusebii
798 2356 901 2411 Chron
910 2356 926 2411 i.
936 2373 962 2426 p.
975 2369 1025 2423 277
1040 2357 1173 2425 Schdne)‚
1182 2355 1266 2411 credo
1279 2354 1366 2409 etiam
1373 2356 1475 2409 Pr'sam

323 2426 383 2481 siue
402 2428 515 2480 Pissam
535 2427 625 2494 (Seru.
646 2428 683 2480 ad
701 2427 772 2481 Aen.
792 2446 816 2480 x
839 2425 903 2496 179)
921 2428 1071 2482 uocabant.
1109 2428 1194 2481 Hanc
1212 2425 1367 2494 mulierem,
1386 2442 1474 2495 quam

322 2498 455 2552 Setaeam
468 2497 599 2567 appellat,
614 2498 780 2566 Lycophron
794 2497 863 2551 dicit
876 2497 944 2552 dum
956 2515 974 2552 a
987 2497 1105 2552 Graecis
1117 2496 1190 2552 inter
1202 2495 1384 2566 capsiana-er
1403 2497 1474 2550 adas

322 2567 351 2621 in
364 2567 476 2622 Italiam
489 2567 599 2622 ducitur
612 2567 687 2622 circa
697 2567 817 2636 Sybarin
827 2585 915 2624 naues
929 2568 1098 2638 incendisse,
1107 2577 1134 2623 et
1144 2563 1347 2638 proptereairl-
1438 2566 1474 2622 lis

321 2647 468 2709 tamquam
485 2655 567 2694 cruce
580 2655 748 2708 suspensam
760 2639 885 2709 periisse.
1194 2627 1235 2707 ,Π
1244 2649 1263 2687 ι’
1333 2626 1430 2704 §Ns

569 2709 662 2770 Σήταια
678 2710 786 2776 τλῆμον,
805 2711 850 2764 σοί
869 2708 897 2762 δὲ
915 2711 980 2780 πρὸς
997 2709 1103 2781 πέτραις
1120 2711 1200 2781 μόρι’
1280 2775 1283 2780 ,
1369 2749 1424 2782 fen-
1486 2757 1491 2764 .

479 2818 481 2824 -
569 2780 662 2847 Μίμνει
681 2779 802 2849 δυσαίων,
821 2779 881 2834 ἔνθα
898 2780 1030 2852 γυιοίχοις
1047 2780 1136 2836 πέδαις
1185 2767 1231 2857 {i
1251 2774 1383 2856 “se
1411 2777 1414 2796 ²

569 2849 694 2906 Οίκτιστα
712 2851 864 2920 χαλκείῃσιν
881 2851 1043 2922 ὦργυιωμένη
1284 2869 1292 2890 ³

1208 2705 1228 2727 Χ
1282 2701 1332 2736 ,40οχ
1366 2702 1394 2738 'Qu

1217 2742 1230 2770 tt
1267 2732 1343 2776 istil
1371 2740 1374 2745 '
1398 2729 1412 2748 ¹¹

1344 2835 1372 2860 π’
1403 2814 1451 2878 ίζι

1209 2863 1228 2888 a*
1289 2879 1292 2888 r
1309 2879 1312 2888 .
1333 2875 1338 2884 v
1352 2865 1361 2878 ¹*
1411 2871 1420 2883 s

1259 2887 1276 2906 *a
1316 2891 1326 2916 κ
1341 2887 1349 2909 Ι,
1465 2891 1471 2899 ,

568 2923 649 2990 θανῇ,
666 2921 728 2992 πυρὶ
746 2921 871 2990 φλίξοσα
889 2921 1024 2976 δεσποτῶν
1042 2923 1149 2986 στόλον,
1205 2897 1233 2966 'i
1240 2963 1346 2994 ‚
1366 2915 1418 2976 jis

555 2988 706 3059 Ἐκβλητον
724 2991 849 3058 αίιίζουσα
867 2993 993 3064 Κράθιδος
1007 2993 1093 3048 πέλας
1287 2992 1333 3022 ””
1366 2989 1373 3004 ’
1408 2992 1411 2998 ’
1461 3005 1469 3020 “

566 3065 706 3144 Τόργοισιν
723 3061 838 3133 αίιίιρημα
856 3063 967 3129 φοινίοις
985 3063 1069 3133 δίμας.
1465 3131 1467 3138 Ι

358 3133 494 3188 Incensas
506 3149 524 3187 a
536 3131 645 3200 uirgine
660 3149 748 3187 naues
765 3133 812 3187 alii
830 3132 897 3187 alibi
909 3135 1071 3202 retulerunt,
1085 3133 1123 3188 ad
1136 3131 1253 3188 Crathin
1266 3141 1295 3187 et
1309 3133 1472 3188 Neaethum

321 3203 424 3257 Strabo
443 3203 503 3271 262,
523 3204 560 3257 ad
579 3203 690 3258 Tiberis
710 3203 814 3259 ostium
832 3205 878 3258 uel
897 3203 925 3258 in
945 3204 1002 3258 alia
1020 3214 1100 3274 parte
1120 3203 1201 3272 Latii,
1220 3203 1388 3258 Aristoteles
1407 3220 1471 3258 cum

321 3272 475 3327 Heraclide
489 3282 518 3327 et
535 3275 673 3328 Damaste
687 3273 824 3343 Sigeensi,
838 3275 872 3330 cs.
887 3276 958 3330 Plut.
973 3276 1083 3329 Romul
1098 3274 1116 3339 i,
1129 3275 1167 3329 ad
1180 3276 1316 3344 Egestam
1329 3274 1471 3342 Vergilius

320 3352 348 3398 et
369 3342 523 3411 Dionysius
542 3343 656 3414 Antiqq.
670 3344 687 3398 i.
703 3357 744 3414 52,
763 3345 801 3399 ad
820 3344 943 3400 Scionen
963 3346 1063 3400 Conon
1080 3344 1127 3399 xiii
1147 3354 1175 3401 et
1189 3346 1348 3414 Polyaenus
1366 3344 1413 3400 vii.
1426 3359 1471 3416 47,

321 3409 393 3467 Pisis
407 3413 528 3483 denique
543 3413 642 3469 Italiae
655 3415 770 3469 Seruius
783 3416 820 3470 ad
833 3417 903 3470 Aen.
917 3435 941 3470 u
959 3428 1016 3484 179.

416 3539 420 3544 ,
497 3486 560 3538 Hos
573 3501 671 3553 parere
684 3485 780 3541 iubent
792 3487 921 3556 Alpheae
933 3486 1041 3556 origine
1055 3486 1153 3555 Pisae3

496 3555 571 3609 Vrbs
584 3557 705 3610 Etrusca
717 3556 786 3611 solo.

495 3627 666 3680 Tercentum
679 3626 804 3682 adiciunt
817 3626 909 3695 (mens
922 3627 1053 3682 omnibus
1066 3645 1123 3683 una
1134 3625 1283 3697 sequendi)

497 3696 552 3766 Qui
566 3697 685 3752 Caerete
698 3696 792 3766 dom0‚
805 3697 852 3767 qui
866 3709 931 3754 sunt
945 3698 1081 3753 Minionis
1094 3698 1123 3752 in
1136 3698 1220 3768 aruis,

497 3768 535 3821 Et
550 3767 633 3836 Pyrgi
646 3777 765 3834 ueteres,
778 3767 1022 3840 intempestaeque
1035 3769 1197 3824 Grauiscae.

355 3835 464 3906 Quibus
477 3837 648 3893 conserenda
660 3848 725 3893 sunt
738 3854 810 3908 quae
823 3839 910 3894 habet
924 3841 1002 3894 Mela
1014 3839 1042 3894 ii.
1051 3852 1084 3905 72
1094 3839 1194 3894 Ardea
1201 3839 1379 3894 Laurentum
1390 3839 1471 3894 Ostia

317 3911 391 3963 citra
413 3908 535 3962 Tiberim
555 3911 586 3961 in
607 3908 658 3962 trac
676 3910 763 3962 latere
781 3915 855 3963 mni.
875 3911 954 3964 ultra
972 3911 1067 3982 Pyrgi
1081 3911 1161 3964 Anio
1183 3911 1290 3978 (Minio
1310 3905 1469 3978 Clu'uerius)

318 3980 453 4104 ‘Castrum
470 3980 588 4032 Nouum
608 3980 761 4034 Grauiscae
779 3981 849 4035 Casa
868 3981 1001 4035 Telamon
1017 3981 1282 4052 Papulom'astae
1299 3982 1425 4035 Etrusca
1444 3986 1472 4035 et

330 4066 379 4103 oca
390 4054 418 4102 et
428 4051 551 4102 namma.

356 4119 448 4174 Credo
470 4119 554 4188 igitur
571 4118 696 4174 fabulam
718 4119 802 4175 istam
825 4137 881 4202 qua
901 4122 1005 4177 Setaea
1025 4121 1101 4176 cruci
1121 4121 1205 4176 affixa
1225 4120 1309 4176 fuerit
1329 4121 1368 4175 ad
1387 4120 1470 4176 Pisas

318 4189 403 4243 simul
426 4206 491 4243 cum
516 4188 647 4243 incendio
672 4192 748 4260 quod
773 4192 897 4246 Troiana
923 4192 1024 4247 mulier
1047 4192 1161 4246 fecisset
1191 4191 1307 4246 nauium
1337 4192 1470 4246 tralatam

317 4259 421 4384 ίῦαίςὲω
439 4269 467 4314 et
478 4260 533 4314 hoc
546 4276 609 4315 esse
626 4260 703 4330 quod
719 4267 804 4331 poeta
821 4261 984 4332 significarit
999 4265 1130 4318 crua'ata'
1138 4268 1180 4317 est
1190 4262 1270 4332 Pasa,
1283 4262 1328 4318 uel
1341 4271 1371 4317 ut
1384 4272 1427 4317 est
1440 4261 1469 4316 in

345 4369 353 4398 ,
393 4347 464 4384 ama.

356 4400 418 4452 lam
439 4398 562 4455 uidimus
583 4417 647 4456 esse
668 4400 745 4456 iuxta
764 4401 845 4457 Pisas
867 4419 981 4459 amnem
1001 4402 1168 4472 Minionem,
1188 4403 1257 4472 siue,
1275 4411 1306 4457 ut
1328 4411 1371 4458 est
1393 4401 1469 4472 apud

320 4470 437 4550 Melam,
449 4469 590 4526 Anionem
604 4490 612 4538 ;
630 4489 683 4527 nec
696 4472 799 4527 mirum
811 4483 842 4528 ut
854 4474 940 4542 locos,
955 4473 995 4529 sic
1008 4473 1125 4528 nomina
1138 4474 1166 4528 in
1179 4474 1281 4529 eadem
1294 4473 1390 4528 fabula
1402 4490 1469 4527 con-

319 4539 404 4609 iungi.
436 4541 535 4610 ltaque
544 4542 619 4596 Anio
632 4544 678 4598 uel
693 4543 783 4599 Minio
797 4543 916 4601 istesub
930 4561 993 4614 quo
1006 4554 1150 4613 tyranno
1164 4544 1316 4600 cruciata
1328 4554 1379 4614 est
1391 4543 1468 4613 Pisa,
