<?xml version="1.0" encoding="UTF-8"?>
<!DOCTYPE html PUBLIC "-//W3C//DTD XHTML 1.0 Transitional//EN"
    "http://www.w3.org/TR/xhtml1/DTD/xhtml1-transitional.dtd">
<html xmlns="http://www.w3.org/1999/xhtml" xml:lang="en" lang="en">
 <head>
  <title>
</title>
<meta http-equiv="Content-Type" content="text/html;charset=utf-8" />
  <meta name='ocr-system' content='tesseract 3.04.00' />
  <meta name='ocr-capabilities' content='ocr_page ocr_carea ocr_par ocr_line ocrx_word'/>
</head>
<body>
  <div class='ocr_page' id='page_1' title='image "./povidiinasonisi01elligoog_0144.png"; bbox 0 0 3312 5200; ppageno 0'>
   <div class='ocr_carea' id='block_1_1' title="bbox 707 452 1366 516">
    <p class='ocr_par' dir='ltr' id='par_1_1' title="bbox 707 452 1366 516">
     <span class='ocr_line' id='line_1_1' title="bbox 707 452 1366 516; baseline 0.006 -5"><span class='ocrx_word' id='word_1_1' title='bbox 707 452 752 510; x_wconf 94' lang='lat' dir='ltr'>IN</span> <span class='ocrx_word' id='word_1_2' title='bbox 775 453 872 514; x_wconf 91' lang='lat' dir='ltr'>IBIN.</span> <span class='ocrx_word' id='word_1_3' title='bbox 1329 461 1366 516; x_wconf 80' lang='lat' dir='ltr'>rt</span> 
     </span>
    </p>
   </div>
   <div class='ocr_carea' id='block_1_2' title="bbox 199 609 1367 2985">
    <p class='ocr_par' dir='ltr' id='par_1_2' title="bbox 213 609 1367 1013">
     <span class='ocr_line' id='line_1_2' title="bbox 258 609 1367 686; baseline 0.004 -18"><span class='ocrx_word' id='word_1_4' title='bbox 258 613 327 682; x_wconf 87' lang='lat'>418.</span> <span class='ocrx_word' id='word_1_5' title='bbox 349 609 485 686; x_wconf 85' lang='lat' dir='ltr'>Quique</span> <span class='ocrx_word' id='word_1_6' title='bbox 502 618 596 668; x_wconf 90' lang='lat' dir='ltr'>tenet</span> <span class='ocrx_word' id='word_1_7' title='bbox 610 618 760 685; x_wconf 88' lang='lat' dir='ltr'>pontem.</span> <span class='ocrx_word' id='word_1_8' title='bbox 790 609 838 670; x_wconf 87' lang='lat' dir='ltr'>Sic</span> <span class='ocrx_word' id='word_1_9' title='bbox 853 621 988 670; x_wconf 83' lang='lat' dir='ltr'>construe</span> <span class='ocrx_word' id='word_1_10' title='bbox 1003 611 1074 672; x_wconf 91' lang='lat' dir='ltr'>Nec</span> <span class='ocrx_word' id='word_1_11' title='bbox 1090 632 1158 672; x_wconf 90' lang='lat' dir='ltr'>non</span> <span class='ocrx_word' id='word_1_12' title='bbox 1173 615 1190 672; x_wconf 88' lang='lat' dir='ltr'>i.</span> <span class='ocrx_word' id='word_1_13' title='bbox 1207 613 1294 672; x_wconf 88' lang='lat' dir='ltr'>etiam</span> <span class='ocrx_word' id='word_1_14' title='bbox 1309 624 1367 672; x_wconf 90' lang='lat' dir='ltr'>tua</span> 
     </span>
     <span class='ocr_line' id='line_1_3' title="bbox 215 690 1366 770; baseline 0.006 -22"><span class='ocrx_word' id='word_1_15' title='bbox 215 691 355 751; x_wconf 89' lang='lat' dir='ltr'>fortuna</span> <span class='ocrx_word' id='word_1_16' title='bbox 375 693 420 759; x_wconf 83' lang='lat' dir='ltr'>¹sit</span> <span class='ocrx_word' id='word_1_17' title='bbox 437 691 501 750; x_wconf 86' lang='lat' dir='ltr'>talis</span> <span class='ocrx_word' id='word_1_18' title='bbox 515 690 608 767; x_wconf 87' lang='lat' dir='ltr'>qualis</span> <span class='ocrx_word' id='word_1_19' title='bbox 623 690 677 749; x_wconf 86' lang='lat' dir='ltr'>fuit</span> <span class='ocrx_word' id='word_1_20' title='bbox 692 690 807 750; x_wconf 84' lang='lat' dir='ltr'>fortuna</span> <span class='ocrx_word' id='word_1_21' title='bbox 821 692 876 752; x_wconf 89' lang='lat' dir='ltr'>Iri.</span> <span class='ocrx_word' id='word_1_22' title='bbox 920 693 987 766; x_wconf 89' lang='lat' dir='ltr'>Qui</span> <span class='ocrx_word' id='word_1_23' title='bbox 1009 703 1103 753; x_wconf 92' lang='lat' dir='ltr'>tenet</span> <span class='ocrx_word' id='word_1_24' title='bbox 1123 696 1236 770; x_wconf 87' lang='lat' dir='ltr'>egentis</span> <span class='ocrx_word' id='word_1_25' title='bbox 1255 705 1283 753; x_wconf 85' lang='lat' dir='ltr'>et</span> <span class='ocrx_word' id='word_1_26' title='bbox 1297 695 1366 754; x_wconf 92' lang='lat' dir='ltr'>ideo</span> 
     </span>
     <span class='ocr_line' id='line_1_4' title="bbox 213 771 1366 850; baseline 0.003 -18"><span class='ocrx_word' id='word_1_27' title='bbox 213 775 383 833; x_wconf 87' lang='lat' dir='ltr'>binominis.</span> <span class='ocrx_word' id='word_1_28' title='bbox 428 771 462 832; x_wconf 85' lang='lat' dir='ltr'>C.</span> <span class='ocrx_word' id='word_1_29' title='bbox 511 773 553 831; x_wconf 89' lang='lat' dir='ltr'>Et</span> <span class='ocrx_word' id='word_1_30' title='bbox 573 782 630 831; x_wconf 87' lang='lat' dir='ltr'>tua</span> <span class='ocrx_word' id='word_1_31' title='bbox 651 773 791 831; x_wconf 85' lang='lat' dir='ltr'>fortuna</span> <span class='ocrx_word' id='word_1_32' title='bbox 811 793 899 850; x_wconf 87' lang='lat' dir='ltr'>quae</span> <span class='ocrx_word' id='word_1_33' title='bbox 923 776 1032 835; x_wconf 88' lang='lat' dir='ltr'>maior</span> <span class='ocrx_word' id='word_1_34' title='bbox 1052 777 1117 834; x_wconf 91' lang='lat' dir='ltr'>erit</span> <span class='ocrx_word' id='word_1_35' title='bbox 1139 777 1203 836; x_wconf 92' lang='lat' dir='ltr'>tibi</span> <span class='ocrx_word' id='word_1_36' title='bbox 1244 777 1281 835; x_wconf 92' lang='lat' dir='ltr'>sit</span> <span class='ocrx_word' id='word_1_37' title='bbox 1302 777 1366 836; x_wconf 88' lang='lat' dir='ltr'>talis</span> 
     </span>
     <span class='ocr_line' id='line_1_5' title="bbox 213 854 1366 935; baseline 0.003 -21"><span class='ocrx_word' id='word_1_38' title='bbox 213 855 309 931; x_wconf 86' lang='lat' dir='ltr'>qualis</span> <span class='ocrx_word' id='word_1_39' title='bbox 328 856 382 914; x_wconf 89' lang='lat' dir='ltr'>fuit</span> <span class='ocrx_word' id='word_1_40' title='bbox 400 854 518 914; x_wconf 90' lang='lat' dir='ltr'>fortuna</span> <span class='ocrx_word' id='word_1_41' title='bbox 536 855 591 925; x_wconf 91' lang='lat' dir='ltr'>Iri,</span> <span class='ocrx_word' id='word_1_42' title='bbox 613 855 671 931; x_wconf 92' lang='lat' dir='ltr'>qui</span> <span class='ocrx_word' id='word_1_43' title='bbox 692 865 795 926; x_wconf 86' lang='lat' dir='ltr'>tenet,</span> <span class='ocrx_word' id='word_1_44' title='bbox 811 873 864 932; x_wconf 92' lang='lat' dir='ltr'>pro</span> <span class='ocrx_word' id='word_1_45' title='bbox 884 857 1010 928; x_wconf 88' lang='lat' dir='ltr'>tenebat,</span> <span class='ocrx_word' id='word_1_46' title='bbox 1024 867 1187 934; x_wconf 88' lang='lat' dir='ltr'>pontem:</span> <span class='ocrx_word' id='word_1_47' title='bbox 1217 859 1300 935; x_wconf 88' lang='lat' dir='ltr'>quasi</span> <span class='ocrx_word' id='word_1_48' title='bbox 1322 859 1366 917; x_wconf 94' lang='lat' dir='ltr'>di·</span> 
     </span>
     <span class='ocr_line' id='line_1_6' title="bbox 213 937 1302 1013; baseline 0.003 -17"><span class='ocrx_word' id='word_1_49' title='bbox 213 950 302 1010; x_wconf 87' lang='lat' dir='ltr'>ceret,</span> <span class='ocrx_word' id='word_1_50' title='bbox 316 939 390 998; x_wconf 91' lang='lat' dir='ltr'>sicut</span> <span class='ocrx_word' id='word_1_51' title='bbox 404 947 524 1013; x_wconf 90' lang='lat' dir='ltr'>uterque</span> <span class='ocrx_word' id='word_1_52' title='bbox 538 937 655 994; x_wconf 90' lang='lat' dir='ltr'>illorum</span> <span class='ocrx_word' id='word_1_53' title='bbox 669 947 842 996; x_wconf 88' lang='lat' dir='ltr'>excaecatus</span> <span class='ocrx_word' id='word_1_54' title='bbox 857 947 902 997; x_wconf 89' lang='lat' dir='ltr'>est</span> <span class='ocrx_word' id='word_1_55' title='bbox 916 939 958 997; x_wconf 94' lang='lat' dir='ltr'>sic</span> <span class='ocrx_word' id='word_1_56' title='bbox 973 947 1002 997; x_wconf 91' lang='lat' dir='ltr'>et</span> <span class='ocrx_word' id='word_1_57' title='bbox 1017 949 1046 997; x_wconf 89' lang='lat' dir='ltr'>tu</span> <span class='ocrx_word' id='word_1_58' title='bbox 1063 940 1230 999; x_wconf 80' lang='lat' dir='ltr'>excaeceris.</span> <span class='ocrx_word' id='word_1_59' title='bbox 1268 939 1302 999; x_wconf 93' lang='lat' dir='ltr'>C.</span> 
     </span>
    </p>

    <p class='ocr_par' dir='ltr' id='par_1_3' title="bbox 199 1017 1365 2159">
     <span class='ocr_line' id='line_1_7' title="bbox 257 1017 1365 1095; baseline 0.005 -19"><span class='ocrx_word' id='word_1_60' title='bbox 257 1039 326 1095; x_wconf 90' lang='lat'>419.</span> <span class='ocrx_word' id='word_1_61' title='bbox 374 1019 482 1078; x_wconf 88' lang='lat' dir='ltr'>Filius</span> <span class='ocrx_word' id='word_1_62' title='bbox 534 1028 567 1076; x_wconf 90' lang='lat' dir='ltr'>et</span> <span class='ocrx_word' id='word_1_63' title='bbox 618 1017 765 1077; x_wconf 89' lang='lat' dir='ltr'>Cereris.</span> <span class='ocrx_word' id='word_1_64' title='bbox 850 1017 1017 1078; x_wconf 86' lang='lat' dir='ltr'>*Astericus</span> <span class='ocrx_word' id='word_1_65' title='bbox 1037 1020 1112 1079; x_wconf 90' lang='lat' dir='ltr'>filius</span> <span class='ocrx_word' id='word_1_66' title='bbox 1126 1020 1239 1080; x_wconf 88' lang='lat' dir='ltr'>Cereris</span> <span class='ocrx_word' id='word_1_67' title='bbox 1259 1021 1365 1081; x_wconf 83' lang='lat' dir='ltr'>frustra</span> 
     </span>
     <span class='ocr_line' id='line_1_8' title="bbox 215 1098 1364 1178; baseline 0.002 -20"><span class='ocrx_word' id='word_1_68' title='bbox 215 1101 372 1160; x_wconf 86' lang='lat' dir='ltr'>*Asterion</span> <span class='ocrx_word' id='word_1_69' title='bbox 382 1101 428 1159; x_wconf 87' lang='lat' dir='ltr'>uel</span> <span class='ocrx_word' id='word_1_70' title='bbox 437 1100 585 1178; x_wconf 87' lang='lat' dir='ltr'>†Egeolus</span> <span class='ocrx_word' id='word_1_71' title='bbox 594 1100 669 1158; x_wconf 91' lang='lat' dir='ltr'>filius</span> <span class='ocrx_word' id='word_1_72' title='bbox 679 1098 766 1159; x_wconf 88' lang='lat' dir='ltr'>Cere·</span> <span class='ocrx_word' id='word_1_73' title='bbox 808 1103 846 1160; x_wconf 87' lang='lat' dir='ltr'>ab</span> <span class='ocrx_word' id='word_1_74' title='bbox 868 1101 1031 1164; x_wconf 86' lang='lat' dir='ltr'>†Amenica</span> <span class='ocrx_word' id='word_1_75' title='bbox 1053 1113 1098 1160; x_wconf 92' lang='lat' dir='ltr'>est</span> <span class='ocrx_word' id='word_1_76' title='bbox 1119 1113 1240 1161; x_wconf 90' lang='lat' dir='ltr'>amatus.</span> <span class='ocrx_word' id='word_1_77' title='bbox 1285 1103 1364 1161; x_wconf 88' lang='lat' dir='ltr'>Nam</span> 
     </span>
     <span class='ocr_line' id='line_1_9' title="bbox 213 1182 1364 1260; baseline 0.003 -20"><span class='ocrx_word' id='word_1_78' title='bbox 213 1183 252 1241; x_wconf 92' lang='lat' dir='ltr'>ris</span> <span class='ocrx_word' id='word_1_79' title='bbox 274 1183 378 1242; x_wconf 91' lang='lat' dir='ltr'>frustra</span> <span class='ocrx_word' id='word_1_80' title='bbox 399 1193 512 1242; x_wconf 87' lang='lat' dir='ltr'>amatus</span> <span class='ocrx_word' id='word_1_81' title='bbox 533 1183 570 1240; x_wconf 91' lang='lat' dir='ltr'>ab</span> <span class='ocrx_word' id='word_1_82' title='bbox 592 1183 766 1244; x_wconf 85' lang='lat' dir='ltr'>†Alcmineo</span> <span class='ocrx_word' id='word_1_83' title='bbox 809 1182 948 1260; x_wconf 90' lang='lat' dir='ltr'>quicquid</span> <span class='ocrx_word' id='word_1_84' title='bbox 973 1183 1100 1242; x_wconf 87' lang='lat' dir='ltr'>habebat</span> <span class='ocrx_word' id='word_1_85' title='bbox 1125 1184 1264 1260; x_wconf 85' lang='lat' dir='ltr'>expendit</span> <span class='ocrx_word' id='word_1_86' title='bbox 1288 1185 1364 1244; x_wconf 89' lang='lat' dir='ltr'>circa</span> 
     </span>
     <span class='ocr_line' id='line_1_10' title="bbox 213 1262 1364 1341; baseline 0.003 -19"><span class='ocrx_word' id='word_1_87' title='bbox 213 1274 266 1323; x_wconf 79' lang='lat' dir='ltr'>est.</span> <span class='ocrx_word' id='word_1_88' title='bbox 283 1266 300 1297; x_wconf 44' lang='grc' dir='ltr'>ὓ</span> <span class='ocrx_word' id='word_1_89' title='bbox 309 1264 549 1323; x_wconf 78' lang='lat' dir='ltr'>VndeLucrelius:</span> <span class='ocrx_word' id='word_1_90' title='bbox 565 1262 766 1339; x_wconf 76' lang='lat' dir='ltr'>CurpaerAs-</span> <span class='ocrx_word' id='word_1_91' title='bbox 808 1266 916 1341; x_wconf 89' lang='lat' dir='ltr'>ipsum.</span> <span class='ocrx_word' id='word_1_92' title='bbox 947 1265 1085 1323; x_wconf 86' lang='lat' dir='ltr'>Tandem</span> <span class='ocrx_word' id='word_1_93' title='bbox 1100 1267 1140 1324; x_wconf 92' lang='lat' dir='ltr'>ob</span> <span class='ocrx_word' id='word_1_94' title='bbox 1155 1266 1218 1324; x_wconf 89' lang='lat' dir='ltr'>eius</span> <span class='ocrx_word' id='word_1_95' title='bbox 1232 1284 1364 1325; x_wconf 87' lang='lat' dir='ltr'>amorem</span> 
     </span>
     <span class='ocr_line' id='line_1_11' title="bbox 213 1345 1365 1422; baseline 0.001 -18"><span class='ocrx_word' id='word_1_96' title='bbox 213 1348 301 1404; x_wconf 70' lang='lat' dir='ltr'>teron</span> <span class='ocrx_word' id='word_1_97' title='bbox 318 1347 463 1405; x_wconf 70' lang='lat' dir='ltr'>crudeles?</span> <span class='ocrx_word' id='word_1_98' title='bbox 487 1366 520 1404; x_wconf 73' lang='lat' dir='ltr'>nc</span> <span class='ocrx_word' id='word_1_99' title='bbox 529 1347 606 1422; x_wconf 82' lang='lat' dir='ltr'>suge</span> <span class='ocrx_word' id='word_1_100' title='bbox 622 1353 766 1403; x_wconf 81' lang='lat' dir='ltr'>amantem.</span> <span class='ocrx_word' id='word_1_101' title='bbox 808 1354 986 1404; x_wconf 84' lang='lat' dir='ltr'>mortuaest.</span> <span class='ocrx_word' id='word_1_102' title='bbox 1010 1345 1109 1404; x_wconf 83' lang='lat' dir='ltr'>*Vnde</span> <span class='ocrx_word' id='word_1_103' title='bbox 1119 1346 1284 1405; x_wconf 79' lang='lat' dir='ltr'>Lucretius:</span> <span class='ocrx_word' id='word_1_104' title='bbox 1301 1347 1365 1406; x_wconf 81' lang='lat' dir='ltr'>Cur</span> 
     </span>
     <span class='ocr_line' id='line_1_12' title="bbox 199 1426 1365 1507; baseline 0 -21"><span class='ocrx_word' id='word_1_105' title='bbox 199 1427 352 1507; x_wconf 58' lang='lat' dir='ltr'>,Nefuga</span> <span class='ocrx_word' id='word_1_106' title='bbox 366 1448 420 1487; x_wconf 87' lang='lat' dir='ltr'>non</span> <span class='ocrx_word' id='word_1_107' title='bbox 438 1429 557 1504; x_wconf 70' lang='lat' dir='ltr'>cquzilem</span> <span class='ocrx_word' id='word_1_108' title='bbox 577 1434 619 1486; x_wconf 76' lang='lat' dir='ltr'>est</span> <span class='ocrx_word' id='word_1_109' title='bbox 637 1427 767 1504; x_wconf 59' lang='lat' dir='ltr'>effugata·</span> <span class='ocrx_word' id='word_1_110' title='bbox 802 1438 876 1503; x_wconf 80' lang='lat' dir='ltr'>puer</span> <span class='ocrx_word' id='word_1_111' title='bbox 894 1426 1039 1486; x_wconf 71' lang='lat' dir='ltr'>Asterion</span> <span class='ocrx_word' id='word_1_112' title='bbox 1059 1429 1206 1486; x_wconf 66' lang='lat' dir='ltr'>crudeles?</span> <span class='ocrx_word' id='word_1_113' title='bbox 1229 1428 1276 1487; x_wconf 81' lang='lat' dir='ltr'>Ne</span> <span class='ocrx_word' id='word_1_114' title='bbox 1288 1430 1365 1504; x_wconf 80' lang='lat' dir='ltr'>fuge</span> 
     </span>
     <span class='ocr_line' id='line_1_13' title="bbox 213 1509 1364 1586; baseline 0.001 -20"><span class='ocrx_word' id='word_1_115' title='bbox 213 1511 266 1567; x_wconf 84' lang='lat' dir='ltr'>dur</span> <span class='ocrx_word' id='word_1_116' title='bbox 279 1529 368 1570; x_wconf 84' lang='lat' dir='ltr'>amor.</span> <span class='ocrx_word' id='word_1_117' title='bbox 414 1509 536 1570; x_wconf 72' lang='lat' dir='ltr'>Crudcli</span> <span class='ocrx_word' id='word_1_118' title='bbox 538 1519 627 1584; x_wconf 77' lang='lat' dir='ltr'>puero</span> <span class='ocrx_word' id='word_1_119' title='bbox 641 1509 716 1566; x_wconf 81' lang='lat' dir='ltr'>ntlzil</span> <span class='ocrx_word' id='word_1_120' title='bbox 730 1515 771 1566; x_wconf 83' lang='lat' dir='ltr'>esl</span> <span class='ocrx_word' id='word_1_121' title='bbox 809 1514 952 1567; x_wconf 79' lang='lat' dir='ltr'>amantem.</span> <span class='ocrx_word' id='word_1_122' title='bbox 993 1509 1042 1568; x_wconf 83' lang='lat' dir='ltr'>Ni</span> <span class='ocrx_word' id='word_1_123' title='bbox 1046 1511 1155 1586; x_wconf 73' lang='lat' dir='ltr'>fugatas</span> <span class='ocrx_word' id='word_1_124' title='bbox 1173 1511 1219 1568; x_wconf 84' lang='lat' dir='ltr'>nil</span> <span class='ocrx_word' id='word_1_125' title='bbox 1230 1519 1254 1569; x_wconf 82' lang='lat' dir='ltr'>te</span> <span class='ocrx_word' id='word_1_126' title='bbox 1269 1512 1364 1568; x_wconf 84' lang='lat' dir='ltr'>milt&#39;us</span> 
     </span>
     <span class='ocr_line' id='line_1_14' title="bbox 212 1590 1065 1668; baseline 0.001 -20"><span class='ocrx_word' id='word_1_127' title='bbox 212 1592 355 1650; x_wconf 70' lang='lat' dir='ltr'><em>crudelius</em></span> <span class='ocrx_word' id='word_1_128' title='bbox 372 1612 503 1668; x_wconf 77' lang='lat' dir='ltr'>unquam.</span> <span class='ocrx_word' id='word_1_129' title='bbox 549 1590 669 1649; x_wconf 80' lang='lat' dir='ltr'>Crudeli</span> <span class='ocrx_word' id='word_1_130' title='bbox 679 1601 769 1667; x_wconf 76' lang='lat' dir='ltr'>puero</span> <span class='ocrx_word' id='word_1_131' title='bbox 809 1591 985 1666; x_wconf 61' lang='lat' dir='ltr'>consponsa*</span> <span class='ocrx_word' id='word_1_132' title='bbox 1032 1590 1065 1651; x_wconf 89' lang='lat' dir='ltr'>C.</span> 
     </span>
     <span class='ocr_line' id='line_1_15' title="bbox 212 1673 768 1750; baseline -0.002 -19"><span class='ocrx_word' id='word_1_133' title='bbox 212 1675 259 1732; x_wconf 84' lang='lat' dir='ltr'>nil</span> <span class='ocrx_word' id='word_1_134' title='bbox 281 1674 348 1730; x_wconf 80' lang='lat' dir='ltr'>m&#39;lri</span> <span class='ocrx_word' id='word_1_135' title='bbox 362 1676 444 1750; x_wconf 72' lang='lat' dir='ltr'>petits</span> <span class='ocrx_word' id='word_1_136' title='bbox 470 1673 547 1732; x_wconf 80' lang='lat' dir='ltr'>obest.</span> <span class='ocrx_word' id='word_1_137' title='bbox 598 1673 647 1732; x_wconf 79' lang='lat' dir='ltr'>Vis</span> <span class='ocrx_word' id='word_1_138' title='bbox 671 1691 768 1731; x_wconf 74' lang='lat' dir='ltr'>uerum</span> 
     </span>
     <span class='ocr_line' id='line_1_16' title="bbox 212 1754 767 1835; baseline -0.002 -23"><span class='ocrx_word' id='word_1_139' title='bbox 212 1757 331 1813; x_wconf 70' lang='lat' dir='ltr'>decom?</span> <span class='ocrx_word' id='word_1_140' title='bbox 347 1754 418 1815; x_wconf 85' lang='lat' dir='ltr'>Sum</span> <span class='ocrx_word' id='word_1_141' title='bbox 433 1756 522 1814; x_wconf 74' lang='lat' dir='ltr'>milas:</span> <span class='ocrx_word' id='word_1_142' title='bbox 544 1775 577 1813; x_wconf 86' lang='lat' dir='ltr'>ne</span> <span class='ocrx_word' id='word_1_143' title='bbox 577 1757 656 1835; x_wconf 80' lang='lat' dir='ltr'>fuge</span> <span class='ocrx_word' id='word_1_144' title='bbox 670 1773 767 1812; x_wconf 86' lang='lat' dir='ltr'>omon-</span> 
     </span>
     <span class='ocr_line' id='line_1_17' title="bbox 213 1836 768 1914; baseline 0.002 -21"><span class='ocrx_word' id='word_1_145' title='bbox 213 1843 273 1896; x_wconf 80' lang='lat' dir='ltr'>tem.</span> <span class='ocrx_word' id='word_1_146' title='bbox 316 1836 366 1896; x_wconf 85' lang='lat' dir='ltr'>Ni</span> <span class='ocrx_word' id='word_1_147' title='bbox 374 1837 490 1914; x_wconf 68' lang='lat' dir='ltr'>sagrus,</span> <span class='ocrx_word' id='word_1_148' title='bbox 504 1839 549 1895; x_wconf 84' lang='lat' dir='ltr'>m&#39;l</span> <span class='ocrx_word' id='word_1_149' title='bbox 565 1843 590 1895; x_wconf 83' lang='lat' dir='ltr'>te</span> <span class='ocrx_word' id='word_1_150' title='bbox 607 1839 701 1895; x_wconf 78' lang='lat' dir='ltr'>mitius</span> <span class='ocrx_word' id='word_1_151' title='bbox 713 1855 768 1894; x_wconf 84' lang='lat' dir='ltr'>esse</span> 
     </span>
     <span class='ocr_line' id='line_1_18' title="bbox 208 1918 768 1995; baseline 0 -19"><span class='ocrx_word' id='word_1_152' title='bbox 208 1925 301 1994; x_wconf 75' lang='lat' dir='ltr'>potest.</span> <span class='ocrx_word' id='word_1_153' title='bbox 343 1918 403 1979; x_wconf 84' lang='lat' dir='ltr'>Sed</span> <span class='ocrx_word' id='word_1_154' title='bbox 413 1923 469 1978; x_wconf 73' lang='lat' dir='ltr'>ziam</span> <span class='ocrx_word' id='word_1_155' title='bbox 483 1939 537 1978; x_wconf 86' lang='lat' dir='ltr'>non</span> <span class='ocrx_word' id='word_1_156' title='bbox 547 1930 621 1995; x_wconf 69' lang='lat' dir='ltr'>pater</span> <span class='ocrx_word' id='word_1_157' title='bbox 634 1938 669 1991; x_wconf 83' lang='lat' dir='ltr'>es,</span> <span class='ocrx_word' id='word_1_158' title='bbox 680 1932 768 1995; x_wconf 82' lang='lat' dir='ltr'>puero</span> 
     </span>
     <span class='ocr_line' id='line_1_19' title="bbox 212 2001 769 2077; baseline 0 -19"><span class='ocrx_word' id='word_1_159' title='bbox 212 2002 258 2058; x_wconf 88' lang='lat' dir='ltr'>m&#39;l</span> <span class='ocrx_word' id='word_1_160' title='bbox 269 2003 365 2060; x_wconf 81' lang='lat' dir='ltr'>mz&#39;lius</span> <span class='ocrx_word' id='word_1_161' title='bbox 378 2021 509 2077; x_wconf 86' lang='lat' dir='ltr'>unquam.</span> <span class='ocrx_word' id='word_1_162' title='bbox 552 2001 673 2062; x_wconf 85' lang='lat' dir='ltr'>Crudeli</span> <span class='ocrx_word' id='word_1_163' title='bbox 680 2011 769 2077; x_wconf 81' lang='lat' dir='ltr'>puero</span> 
     </span>
     <span class='ocr_line' id='line_1_20' title="bbox 209 2081 621 2159; baseline 0.005 -19"><span class='ocrx_word' id='word_1_164' title='bbox 209 2083 430 2159; x_wconf 58' lang='lat' dir='ltr'>attaediatus</span> <span class='ocrx_word' id='word_1_165' title='bbox 444 2081 538 2143; x_wconf 68' lang='lat' dir='ltr'>obest*</span> <span class='ocrx_word' id='word_1_166' title='bbox 585 2083 621 2143; x_wconf 80' lang='lat' dir='ltr'>G.</span> 
     </span>
    </p>

    <p class='ocr_par' dir='ltr' id='par_1_4' title="bbox 205 2165 1365 2730">
     <span class='ocr_line' id='line_1_21' title="bbox 234 2165 1363 2242; baseline 0.008 -21"><span class='ocrx_word' id='word_1_167' title='bbox 234 2180 324 2239; x_wconf 84' lang='lat' dir='ltr'>·4a5.</span> <span class='ocrx_word' id='word_1_168' title='bbox 353 2165 467 2242; x_wconf 88' lang='lat' dir='ltr'>thue</span> <span class='ocrx_word' id='word_1_169' title='bbox 502 2174 599 2242; x_wconf 88' lang='lat' dir='ltr'>pater</span> <span class='ocrx_word' id='word_1_170' title='bbox 634 2165 766 2225; x_wconf 88' lang='lat' dir='ltr'>solitae.</span> <span class='ocrx_word' id='word_1_171' title='bbox 850 2167 1131 2228; x_wconf 80' lang='lat' dir='ltr'>Erisiclzthonfame</span> <span class='ocrx_word' id='word_1_172' title='bbox 1151 2178 1282 2230; x_wconf 90' lang='lat' dir='ltr'>mortuus</span> <span class='ocrx_word' id='word_1_173' title='bbox 1302 2181 1363 2230; x_wconf 91' lang='lat' dir='ltr'>est:</span> 
     </span>
     <span class='ocr_line' id='line_1_22' title="bbox 210 2243 1364 2328; baseline 0.004 -24"><span class='ocrx_word' id='word_1_174' title='bbox 210 2243 390 2305; x_wconf 63' lang='lat' dir='ltr'>Enszthlhon</span> <span class='ocrx_word' id='word_1_175' title='bbox 399 2248 517 2306; x_wconf 85' lang='lat' dir='ltr'>succidit</span> <span class='ocrx_word' id='word_1_176' title='bbox 527 2250 660 2307; x_wconf 84' lang='lat' dir='ltr'>arborem</span> <span class='ocrx_word' id='word_1_177' title='bbox 669 2247 768 2307; x_wconf 88' lang='lat' dir='ltr'>Cereri</span> <span class='ocrx_word' id='word_1_178' title='bbox 809 2252 858 2328; x_wconf 90' lang='lat' dir='ltr'>qui</span> <span class='ocrx_word' id='word_1_179' title='bbox 870 2261 980 2328; x_wconf 90' lang='lat' dir='ltr'>quanto</span> <span class='ocrx_word' id='word_1_180' title='bbox 992 2252 1086 2326; x_wconf 87' lang='lat' dir='ltr'>magis</span> <span class='ocrx_word' id='word_1_181' title='bbox 1098 2253 1271 2311; x_wconf 87' lang='lat' dir='ltr'>comedebat</span> <span class='ocrx_word' id='word_1_182' title='bbox 1282 2263 1364 2311; x_wconf 91' lang='lat' dir='ltr'>tanto</span> 
     </span>
     <span class='ocr_line' id='line_1_23' title="bbox 211 2327 1365 2409; baseline 0.005 -23"><span class='ocrx_word' id='word_1_183' title='bbox 211 2327 400 2388; x_wconf 86' lang='lat' dir='ltr'>dedicatam:</span> <span class='ocrx_word' id='word_1_184' title='bbox 435 2330 485 2406; x_wconf 91' lang='lat' dir='ltr'>qui</span> <span class='ocrx_word' id='word_1_185' title='bbox 517 2339 629 2388; x_wconf 86' lang='lat' dir='ltr'>tantam</span> <span class='ocrx_word' id='word_1_186' title='bbox 660 2330 769 2388; x_wconf 76' lang='lat' dir='ltr'>tamem</span> <span class='ocrx_word' id='word_1_187' title='bbox 809 2333 903 2409; x_wconf 88' lang='lat' dir='ltr'>magis</span> <span class='ocrx_word' id='word_1_188' title='bbox 922 2334 1073 2392; x_wconf 89' lang='lat' dir='ltr'>esuriebat.</span> <span class='ocrx_word' id='word_1_189' title='bbox 1117 2333 1188 2392; x_wconf 89' lang='lat' dir='ltr'>Filia</span> <span class='ocrx_word' id='word_1_190' title='bbox 1209 2352 1279 2393; x_wconf 89' lang='lat' dir='ltr'>uero</span> <span class='ocrx_word' id='word_1_191' title='bbox 1302 2335 1365 2392; x_wconf 85' lang='lat' dir='ltr'>eius</span> 
     </span>
     <span class='ocr_line' id='line_1_24' title="bbox 212 2411 1364 2490; baseline 0.005 -23"><span class='ocrx_word' id='word_1_192' title='bbox 212 2427 319 2486; x_wconf 89' lang='lat' dir='ltr'>passus</span> <span class='ocrx_word' id='word_1_193' title='bbox 340 2421 385 2470; x_wconf 91' lang='lat' dir='ltr'>est</span> <span class='ocrx_word' id='word_1_194' title='bbox 405 2411 486 2487; x_wconf 92' lang='lat' dir='ltr'>quod</span> <span class='ocrx_word' id='word_1_195' title='bbox 505 2413 688 2487; x_wconf 85' lang='lat' dir='ltr'>consumptis</span> <span class='ocrx_word' id='word_1_196' title='bbox 704 2429 769 2470; x_wconf 91' lang='lat' dir='ltr'>orn·</span> <span class='ocrx_word' id='word_1_197' title='bbox 811 2433 899 2490; x_wconf 89' lang='lat' dir='ltr'>saepe</span> <span class='ocrx_word' id='word_1_198' title='bbox 917 2415 1035 2473; x_wconf 90' lang='lat' dir='ltr'>uendita</span> <span class='ocrx_word' id='word_1_199' title='bbox 1052 2415 1089 2473; x_wconf 90' lang='lat' dir='ltr'>ad</span> <span class='ocrx_word' id='word_1_200' title='bbox 1109 2425 1221 2490; x_wconf 90' lang='lat' dir='ltr'>patrem</span> <span class='ocrx_word' id='word_1_201' title='bbox 1240 2425 1364 2473; x_wconf 91' lang='lat' dir='ltr'>reuerte-</span> 
     </span>
     <span class='ocr_line' id='line_1_25' title="bbox 205 2492 1365 2573; baseline 0.006 -24"><span class='ocrx_word' id='word_1_202' title='bbox 205 2492 554 2552; x_wconf 63' lang='lat' dir='ltr'>nibus‘filiamuerrdidit.</span> <span class='ocrx_word' id='word_1_203' title='bbox 591 2493 675 2566; x_wconf 89' lang='lat' dir='ltr'>Quae</span> <span class='ocrx_word' id='word_1_204' title='bbox 691 2493 765 2552; x_wconf 76' lang='lat' dir='ltr'>uari-</span> <span class='ocrx_word' id='word_1_205' title='bbox 807 2496 891 2555; x_wconf 88' lang='lat' dir='ltr'>batur</span> <span class='ocrx_word' id='word_1_206' title='bbox 924 2497 1027 2573; x_wconf 85' lang='lat' dir='ltr'>specie</span> <span class='ocrx_word' id='word_1_207' title='bbox 1062 2505 1179 2555; x_wconf 87' lang='lat' dir='ltr'>mutata.</span> <span class='ocrx_word' id='word_1_208' title='bbox 1239 2495 1365 2556; x_wconf 89' lang='lat' dir='ltr'>Ouidius</span> 
     </span>
     <span class='ocr_line' id='line_1_26' title="bbox 212 2570 1219 2656; baseline 0.006 -26"><span class='ocrx_word' id='word_1_209' title='bbox 212 2570 767 2651; x_wconf 72' lang='lat' dir='ltr'>arummutationefi&#39;gurarumdominos</span> <span class='ocrx_word' id='word_1_210' title='bbox 808 2578 917 2636; x_wconf 71' lang='lat' dir='ltr'>Metaos</span> <span class='ocrx_word' id='word_1_211' title='bbox 934 2576 1042 2656; x_wconf 78' lang='lat' dir='ltr'><em>(VIII.</em></span> <span class='ocrx_word' id='word_1_212' title='bbox 1059 2576 1139 2654; x_wconf 80' lang='lat'>738).</span> <span class='ocrx_word' id='word_1_213' title='bbox 1185 2577 1219 2638; x_wconf 91' lang='lat' dir='ltr'>C.</span> 
     </span>
     <span class='ocr_line' id='line_1_27' title="bbox 211 2655 405 2730; baseline 0 -16"><span class='ocrx_word' id='word_1_214' title='bbox 211 2655 321 2730; x_wconf 83' lang='lat' dir='ltr'>effugit.</span> <span class='ocrx_word' id='word_1_215' title='bbox 369 2655 405 2715; x_wconf 91' lang='lat' dir='ltr'>G.</span> 
     </span>
    </p>

    <p class='ocr_par' dir='ltr' id='par_1_5' title="bbox 212 2737 1364 2985">
     <span class='ocr_line' id='line_1_28' title="bbox 254 2737 1363 2818; baseline 0.005 -24"><span class='ocrx_word' id='word_1_216' title='bbox 254 2751 323 2811; x_wconf 76' lang='lat'>427.</span> <span class='ocrx_word' id='word_1_217' title='bbox 352 2737 425 2797; x_wconf 92' lang='lat' dir='ltr'>Nec</span> <span class='ocrx_word' id='word_1_218' title='bbox 460 2737 558 2814; x_wconf 89' lang='lat' dir='ltr'>dapis</span> <span class='ocrx_word' id='word_1_219' title='bbox 589 2737 765 2799; x_wconf 85' lang='lat' dir='ltr'>hnmanae.</span> <span class='ocrx_word' id='word_1_220' title='bbox 850 2740 1037 2818; x_wconf 89' lang='lat' dir='ltr'>Menalippus</span> <span class='ocrx_word' id='word_1_221' title='bbox 1060 2741 1090 2798; x_wconf 89' lang='lat' dir='ltr'>in</span> <span class='ocrx_word' id='word_1_222' title='bbox 1113 2739 1260 2800; x_wconf 87' lang='lat' dir='ltr'>Thebano</span> <span class='ocrx_word' id='word_1_223' title='bbox 1285 2740 1363 2799; x_wconf 90' lang='lat' dir='ltr'>bello</span> 
     </span>
     <span class='ocr_line' id='line_1_29' title="bbox 212 2818 1364 2899; baseline 0.003 -23"><span class='ocrx_word' id='word_1_224' title='bbox 212 2818 325 2894; x_wconf 85' lang='lat' dir='ltr'>Tangit</span> <span class='ocrx_word' id='word_1_225' title='bbox 348 2836 409 2895; x_wconf 90' lang='lat' dir='ltr'>quo</span> <span class='ocrx_word' id='word_1_226' title='bbox 433 2821 518 2878; x_wconf 85' lang='lat' dir='ltr'>modo</span> <span class='ocrx_word' id='word_1_227' title='bbox 543 2821 655 2880; x_wconf 88' lang='lat' dir='ltr'>Tideus</span> <span class='ocrx_word' id='word_1_228' title='bbox 680 2832 768 2899; x_wconf 86' lang='lat' dir='ltr'>caput</span> <span class='ocrx_word' id='word_1_229' title='bbox 809 2821 938 2882; x_wconf 90' lang='lat' dir='ltr'>Tideum</span> <span class='ocrx_word' id='word_1_230' title='bbox 979 2824 1105 2899; x_wconf 86' lang='lat' dir='ltr'>grauiter</span> <span class='ocrx_word' id='word_1_231' title='bbox 1145 2822 1299 2899; x_wconf 86' lang='lat' dir='ltr'>percussit,</span> <span class='ocrx_word' id='word_1_232' title='bbox 1335 2834 1364 2882; x_wconf 92' lang='lat' dir='ltr'>et</span> 
     </span>
     <span class='ocr_line' id='line_1_30' title="bbox 213 2899 1363 2985; baseline 0.003 -27"><span class='ocrx_word' id='word_1_233' title='bbox 213 2899 376 2978; x_wconf 89' lang='lat' dir='ltr'>Menalippi</span> <span class='ocrx_word' id='word_1_234' title='bbox 397 2902 429 2959; x_wconf 90' lang='lat' dir='ltr'>in</span> <span class='ocrx_word' id='word_1_235' title='bbox 443 2902 589 2962; x_wconf 91' lang='lat' dir='ltr'>Thebano</span> <span class='ocrx_word' id='word_1_236' title='bbox 605 2903 683 2963; x_wconf 90' lang='lat' dir='ltr'>bello</span> <span class='ocrx_word' id='word_1_237' title='bbox 697 2923 768 2964; x_wconf 56' lang='lat' dir='ltr'>roor-</span> <span class='ocrx_word' id='word_1_238' title='bbox 809 2904 920 2964; x_wconf 86' lang='lat' dir='ltr'>Tideus</span> <span class='ocrx_word' id='word_1_239' title='bbox 942 2923 1034 2981; x_wconf 87' lang='lat' dir='ltr'>usque</span> <span class='ocrx_word' id='word_1_240' title='bbox 1061 2904 1098 2963; x_wconf 93' lang='lat' dir='ltr'>ad</span> <span class='ocrx_word' id='word_1_241' title='bbox 1119 2915 1245 2963; x_wconf 88' lang='lat' dir='ltr'>mortem</span> <span class='ocrx_word' id='word_1_242' title='bbox 1268 2899 1363 2985; x_wconf 87' lang='lat' dir='ltr'>[eum]</span> 
     </span>
    </p>
   </div>
   <div class='ocr_carea' id='block_1_3' title="bbox 212 2982 1365 3063">
    <p class='ocr_par' dir='ltr' id='par_1_6' title="bbox 212 2982 1365 3063">
     <span class='ocr_line' id='line_1_31' title="bbox 212 2982 1365 3063; baseline 0.004 -23"><span class='ocrx_word' id='word_1_243' title='bbox 212 2983 292 3042; x_wconf 91' lang='lat' dir='ltr'>rosit.</span> <span class='ocrx_word' id='word_1_244' title='bbox 338 2982 374 3042; x_wconf 90' lang='lat' dir='ltr'>G.</span> <span class='ocrx_word' id='word_1_245' title='bbox 551 3021 553 3028; x_wconf 92' lang='lat'>·</span> <span class='ocrx_word' id='word_1_246' title='bbox 808 2987 982 3046; x_wconf 88' lang='lat' dir='ltr'>uulnerauit:</span> <span class='ocrx_word' id='word_1_247' title='bbox 1002 2996 1205 3063; x_wconf 87' lang='lat' dir='ltr'>posteacaput</span> <span class='ocrx_word' id='word_1_248' title='bbox 1219 2987 1280 3045; x_wconf 90' lang='lat' dir='ltr'>eius</span> <span class='ocrx_word' id='word_1_249' title='bbox 1296 2985 1365 3046; x_wconf 87' lang='lat' dir='ltr'>fecit</span> 
     </span>
    </p>
   </div>
   <div class='ocr_carea' id='block_1_4' title="bbox 212 3166 1367 3332">
    <p class='ocr_par' dir='ltr' id='par_1_7' title="bbox 212 3166 1367 3332">
     <span class='ocr_line' id='line_1_32' title="bbox 249 3166 1367 3238; baseline 0.004 -20"><span class='ocrx_word' id='word_1_250' title='bbox 249 3168 279 3218; x_wconf 88' lang='lat' dir='ltr'>In</span> <span class='ocrx_word' id='word_1_251' title='bbox 297 3166 337 3218; x_wconf 77' lang='lat' dir='ltr'>his</span> <span class='ocrx_word' id='word_1_252' title='bbox 355 3167 451 3219; x_wconf 83' lang='lat' dir='ltr'>mirum</span> <span class='ocrx_word' id='word_1_253' title='bbox 469 3178 508 3220; x_wconf 85' lang='lat' dir='ltr'>est</span> <span class='ocrx_word' id='word_1_254' title='bbox 526 3167 591 3235; x_wconf 88' lang='lat' dir='ltr'>quod</span> <span class='ocrx_word' id='word_1_255' title='bbox 606 3179 767 3220; x_wconf 80' lang='lat' dir='ltr'>excaecatum</span> <span class='ocrx_word' id='word_1_256' title='bbox 787 3167 860 3220; x_wconf 85' lang='lat' dir='ltr'>Irum</span> <span class='ocrx_word' id='word_1_257' title='bbox 881 3179 994 3221; x_wconf 86' lang='lat' dir='ltr'>narrant</span> <span class='ocrx_word' id='word_1_258' title='bbox 1013 3169 1175 3222; x_wconf 84' lang='lat' dir='ltr'>Scholiastae.</span> <span class='ocrx_word' id='word_1_259' title='bbox 1212 3169 1283 3222; x_wconf 88' lang='lat' dir='ltr'>Num</span> <span class='ocrx_word' id='word_1_260' title='bbox 1302 3170 1367 3238; x_wconf 86' lang='lat' dir='ltr'>quod</span> 
     </span>
     <span class='ocr_line' id='line_1_33' title="bbox 212 3237 1365 3332; baseline 0.005 -44"><span class='ocrx_word' id='word_1_261' title='bbox 212 3237 542 3292; x_wconf 73' lang='lat' dir='ltr'>Echetotradenduseratt</span> <span class='ocrx_word' id='word_1_262' title='bbox 569 3237 746 3304; x_wconf 82' lang='lat' dir='ltr'>(Od.XVHI.</span> <span class='ocrx_word' id='word_1_263' title='bbox 760 3237 815 3306; x_wconf 82' lang='lat'>85).</span> <span class='ocrx_word' id='word_1_264' title='bbox 852 3238 902 3291; x_wconf 83' lang='lat' dir='ltr'>Hic</span> <span class='ocrx_word' id='word_1_265' title='bbox 914 3241 979 3292; x_wconf 83' lang='lat' dir='ltr'>enim</span> <span class='ocrx_word' id='word_1_266' title='bbox 992 3238 1099 3332; x_wconf 56' lang='lat' dir='ltr'>papante</span> <span class='ocrx_word' id='word_1_267' title='bbox 1111 3241 1147 3293; x_wconf 83' lang='grc' dir='ltr'>ἔνι</span> <span class='ocrx_word' id='word_1_268' title='bbox 1160 3240 1258 3310; x_wconf 83' lang='grc' dir='ltr'>χάλκεα</span> <span class='ocrx_word' id='word_1_269' title='bbox 1274 3240 1365 3311; x_wconf 79' lang='grc' dir='ltr'>κέντρα</span> 
     </span>
    </p>
   </div>
   <div class='ocr_carea' id='block_1_5' title="bbox 212 3306 1472 3388">
    <p class='ocr_par' dir='ltr' id='par_1_8' title="bbox 212 3306 1472 3388">
     <span class='ocr_line' id='line_1_34' title="bbox 212 3306 1472 3388; baseline 0.006 -29"><span class='ocrx_word' id='word_1_270' title='bbox 212 3309 283 3376; x_wconf 74' lang='grc' dir='ltr'>Πῆξε</span> <span class='ocrx_word' id='word_1_271' title='bbox 298 3306 425 3378; x_wconf 79' lang='grc' dir='ltr'>θυγατρὸς</span> <span class='ocrx_word' id='word_1_272' title='bbox 439 3310 482 3376; x_wconf 72' lang='grc' dir='ltr'>ἑῆς</span> <span class='ocrx_word' id='word_1_273' title='bbox 498 3309 583 3378; x_wconf 87' lang='lat' dir='ltr'>Apoll.</span> <span class='ocrx_word' id='word_1_274' title='bbox 596 3311 628 3363; x_wconf 90' lang='lat' dir='ltr'>R.</span> <span class='ocrx_word' id='word_1_275' title='bbox 642 3309 688 3363; x_wconf 85' lang='lat' dir='ltr'>IV.</span> <span class='ocrx_word' id='word_1_276' title='bbox 702 3325 779 3376; x_wconf 80' lang='lat'>1092,</span> <span class='ocrx_word' id='word_1_277' title='bbox 792 3310 944 3378; x_wconf 69' lang='lat' dir='ltr'>cfiHesyeh.</span> <span class='ocrx_word' id='word_1_278' title='bbox 955 3330 978 3363; x_wconf 92' lang='lat' dir='ltr'>s.</span> <span class='ocrx_word' id='word_1_279' title='bbox 987 3331 1012 3364; x_wconf 87' lang='lat' dir='ltr'>u.</span> <span class='ocrx_word' id='word_1_280' title='bbox 1038 3319 1143 3380; x_wconf 76' lang='grc' dir='ltr'>Εχετος,</span> <span class='ocrx_word' id='word_1_281' title='bbox 1156 3323 1259 3379; x_wconf 81' lang='lat' dir='ltr'>eratque</span> <span class='ocrx_word' id='word_1_282' title='bbox 1271 3312 1365 3381; x_wconf 83' lang='lat' dir='ltr'>alioqui</span> <span class='ocrx_word' id='word_1_283' title='bbox 1471 3385 1472 3388; x_wconf 8' lang='grc' dir='ltr'><strong>Ἴ</strong></span> 
     </span>
    </p>
   </div>
   <div class='ocr_carea' id='block_1_6' title="bbox 204 3379 1365 4655">
    <p class='ocr_par' dir='ltr' id='par_1_9' title="bbox 211 3379 406 3432">
     <span class='ocr_line' id='line_1_35' title="bbox 211 3379 406 3432; baseline 0.01 -2"><span class='ocrx_word' id='word_1_284' title='bbox 211 3379 406 3432; x_wconf 76' lang='lat' dir='ltr'>crudelissimus.</span> 
     </span>
    </p>

    <p class='ocr_par' dir='ltr' id='par_1_10' title="bbox 211 3449 1365 3574">
     <span class='ocr_line' id='line_1_36' title="bbox 249 3449 1365 3522; baseline 0.006 -22"><span class='ocrx_word' id='word_1_285' title='bbox 249 3455 310 3515; x_wconf 87' lang='lat'>418.</span> <span class='ocrx_word' id='word_1_286' title='bbox 328 3451 476 3516; x_wconf 86' lang='lat' dir='ltr'>egentesC</span> <span class='ocrx_word' id='word_1_287' title='bbox 581 3449 728 3504; x_wconf 89' lang='lat' dir='ltr'>binominis</span> <span class='ocrx_word' id='word_1_288' title='bbox 747 3451 811 3520; x_wconf 86' lang='lat' dir='ltr'>quia</span> <span class='ocrx_word' id='word_1_289' title='bbox 829 3467 879 3520; x_wconf 91' lang='lat' dir='ltr'>pro</span> <span class='ocrx_word' id='word_1_290' title='bbox 893 3453 916 3504; x_wconf 92' lang='lat' dir='ltr'><em>C</em></span> <span class='ocrx_word' id='word_1_291' title='bbox 932 3454 1030 3506; x_wconf 83' lang='lat' dir='ltr'>omissis</span> <span class='ocrx_word' id='word_1_292' title='bbox 1049 3453 1198 3522; x_wconf 81' lang='lat' dir='ltr'>quibusdam</span> <span class='ocrx_word' id='word_1_293' title='bbox 1217 3465 1246 3507; x_wconf 83' lang='lat' dir='ltr'>ut</span> <span class='ocrx_word' id='word_1_294' title='bbox 1264 3455 1365 3507; x_wconf 84' lang='lat' dir='ltr'>uidetur</span> 
     </span>
     <span class='ocr_line' id='line_1_37' title="bbox 211 3521 391 3574; baseline 0.011 -2"><span class='ocrx_word' id='word_1_295' title='bbox 211 3521 350 3574; x_wconf 84' lang='lat' dir='ltr'>excecaris</span> <span class='ocrx_word' id='word_1_296' title='bbox 363 3521 391 3574; x_wconf 89' lang='lat' dir='ltr'>C.</span> 
     </span>
    </p>

    <p class='ocr_par' dir='ltr' id='par_1_11' title="bbox 204 3591 1364 4422">
     <span class='ocr_line' id='line_1_38' title="bbox 249 3591 1364 3664; baseline 0.006 -22"><span class='ocrx_word' id='word_1_297' title='bbox 249 3609 309 3656; x_wconf 84' lang='lat'>419.</span> <span class='ocrx_word' id='word_1_298' title='bbox 328 3592 445 3644; x_wconf 83' lang='lat' dir='ltr'>Historia</span> <span class='ocrx_word' id='word_1_299' title='bbox 454 3591 564 3658; x_wconf 83' lang='lat' dir='ltr'>ficticia.</span> <span class='ocrx_word' id='word_1_300' title='bbox 589 3593 700 3661; x_wconf 79' lang='lat' dir='ltr'>Egeolus</span> <span class='ocrx_word' id='word_1_301' title='bbox 712 3594 813 3646; x_wconf 84' lang='lat' dir='ltr'>uidetur</span> <span class='ocrx_word' id='word_1_302' title='bbox 823 3612 875 3646; x_wconf 84' lang='lat' dir='ltr'>esse</span> <span class='ocrx_word' id='word_1_303' title='bbox 887 3593 1026 3662; x_wconf 80' lang='lat' dir='ltr'>Aegialeus</span> <span class='ocrx_word' id='word_1_304' title='bbox 1038 3595 1080 3661; x_wconf 79' lang='lat' dir='ltr'>qul</span> <span class='ocrx_word' id='word_1_305' title='bbox 1093 3595 1186 3646; x_wconf 86' lang='lat' dir='ltr'>dicitur</span> <span class='ocrx_word' id='word_1_306' title='bbox 1198 3595 1267 3664; x_wconf 85' lang='lat' dir='ltr'>apud</span> <span class='ocrx_word' id='word_1_307' title='bbox 1278 3597 1364 3649; x_wconf 86' lang='lat' dir='ltr'>Mure.</span> 
     </span>
     <span class='ocr_line' id='line_1_39' title="bbox 211 3662 1362 3735; baseline 0.005 -22"><span class='ocrx_word' id='word_1_308' title='bbox 211 3662 325 3715; x_wconf 84' lang='lat' dir='ltr'>Scholion</span> <span class='ocrx_word' id='word_1_309' title='bbox 338 3680 394 3714; x_wconf 91' lang='lat' dir='ltr'>cum</span> <span class='ocrx_word' id='word_1_310' title='bbox 407 3663 518 3714; x_wconf 82' lang='lat' dir='ltr'>uersibus</span> <span class='ocrx_word' id='word_1_311' title='bbox 531 3663 605 3731; x_wconf 85' lang='lat' dir='ltr'>quale</span> <span class='ocrx_word' id='word_1_312' title='bbox 613 3665 642 3715; x_wconf 72' lang='lat' dir='ltr'>‘in</span> <span class='ocrx_word' id='word_1_313' title='bbox 658 3665 680 3716; x_wconf 87' lang='lat' dir='ltr'><em>G</em></span> <span class='ocrx_word' id='word_1_314' title='bbox 692 3675 728 3716; x_wconf 86' lang='lat' dir='ltr'>est</span> <span class='ocrx_word' id='word_1_315' title='bbox 740 3665 827 3716; x_wconf 83' lang='lat' dir='ltr'>iisdem</span> <span class='ocrx_word' id='word_1_316' title='bbox 841 3664 923 3717; x_wconf 80' lang='lat' dir='ltr'>uerbis</span> <span class='ocrx_word' id='word_1_317' title='bbox 940 3666 1035 3733; x_wconf 84' lang='lat' dir='ltr'>legitur</span> <span class='ocrx_word' id='word_1_318' title='bbox 1046 3667 1124 3718; x_wconf 81' lang='lat' dir='ltr'>etiam</span> <span class='ocrx_word' id='word_1_319' title='bbox 1137 3677 1179 3734; x_wconf 84' lang='lat' dir='ltr'>ap.</span> <span class='ocrx_word' id='word_1_320' title='bbox 1193 3665 1362 3735; x_wconf 78' lang='lat' dir='ltr'>Salucrgnium</span> 
     </span>
     <span class='ocr_line' id='line_1_40' title="bbox 211 3733 1363 3800; baseline 0.003 -14"><span class='ocrx_word' id='word_1_321' title='bbox 211 3744 235 3786; x_wconf 81' lang='lat' dir='ltr'>et</span> <span class='ocrx_word' id='word_1_322' title='bbox 246 3734 282 3787; x_wconf 84' lang='lat' dir='ltr'>ed.</span> <span class='ocrx_word' id='word_1_323' title='bbox 296 3733 385 3786; x_wconf 86' lang='lat' dir='ltr'>Paris.</span> <span class='ocrx_word' id='word_1_324' title='bbox 397 3733 442 3785; x_wconf 88' lang='lat' dir='ltr'>sed</span> <span class='ocrx_word' id='word_1_325' title='bbox 458 3735 556 3786; x_wconf 88' lang='lat' dir='ltr'>omissis</span> <span class='ocrx_word' id='word_1_326' title='bbox 575 3734 618 3786; x_wconf 90' lang='lat' dir='ltr'>uel</span> <span class='ocrx_word' id='word_1_327' title='bbox 632 3733 750 3800; x_wconf 85' lang='lat' dir='ltr'>Egeolus</span> <span class='ocrx_word' id='word_1_328' title='bbox 822 3735 879 3787; x_wconf 87' lang='lat' dir='ltr'>Cur</span> <span class='ocrx_word' id='word_1_329' title='bbox 893 3736 940 3789; x_wconf 86' lang='lat' dir='ltr'>GC</span> <span class='ocrx_word' id='word_1_330' title='bbox 1010 3736 1079 3786; x_wconf 85' lang='lat' dir='ltr'>Cres</span> <span class='ocrx_word' id='word_1_331' title='bbox 1097 3734 1169 3788; x_wconf 81' lang='lat' dir='ltr'>Sala.</span> <span class='ocrx_word' id='word_1_332' title='bbox 1181 3746 1205 3787; x_wconf 84' lang='lat' dir='ltr'>et</span> <span class='ocrx_word' id='word_1_333' title='bbox 1222 3736 1260 3788; x_wconf 84' lang='lat' dir='ltr'>ed.</span> <span class='ocrx_word' id='word_1_334' title='bbox 1273 3738 1363 3790; x_wconf 88' lang='lat' dir='ltr'>Paris.</span> 
     </span>
     <span class='ocr_line' id='line_1_41' title="bbox 214 3804 1362 3874; baseline 0.003 -18"><span class='ocrx_word' id='word_1_335' title='bbox 214 3822 227 3856; x_wconf 83' lang='lat'><em>2</em></span> <span class='ocrx_word' id='word_1_336' title='bbox 242 3819 335 3856; x_wconf 86' lang='lat' dir='ltr'>amans</span> <span class='ocrx_word' id='word_1_337' title='bbox 347 3805 420 3857; x_wconf 83' lang='lat' dir='ltr'>Solu.</span> <span class='ocrx_word' id='word_1_338' title='bbox 433 3814 457 3857; x_wconf 80' lang='lat' dir='ltr'>et</span> <span class='ocrx_word' id='word_1_339' title='bbox 473 3804 509 3856; x_wconf 87' lang='lat' dir='ltr'>ed.</span> <span class='ocrx_word' id='word_1_340' title='bbox 527 3806 615 3857; x_wconf 82' lang='lat' dir='ltr'>Paris.</span> <span class='ocrx_word' id='word_1_341' title='bbox 689 3821 712 3870; x_wconf 83' lang='lat'>5,</span> <span class='ocrx_word' id='word_1_342' title='bbox 727 3807 741 3854; x_wconf 89' lang='grc'>6</span> <span class='ocrx_word' id='word_1_343' title='bbox 756 3817 814 3874; x_wconf 84' lang='lat' dir='ltr'>post</span> <span class='ocrx_word' id='word_1_344' title='bbox 828 3821 852 3870; x_wconf 89' lang='lat'>7,</span> <span class='ocrx_word' id='word_1_345' title='bbox 866 3808 880 3857; x_wconf 90' lang='lat'>8</span> <span class='ocrx_word' id='word_1_346' title='bbox 894 3816 967 3858; x_wconf 81' lang='lat' dir='ltr'>stant</span> <span class='ocrx_word' id='word_1_347' title='bbox 978 3805 1048 3874; x_wconf 84' lang='lat' dir='ltr'>apud</span> <span class='ocrx_word' id='word_1_348' title='bbox 1058 3806 1128 3858; x_wconf 89' lang='lat' dir='ltr'>Salu.</span> <span class='ocrx_word' id='word_1_349' title='bbox 1142 3809 1204 3858; x_wconf 85' lang='lat' dir='ltr'>etin</span> <span class='ocrx_word' id='word_1_350' title='bbox 1222 3806 1260 3858; x_wconf 85' lang='lat' dir='ltr'>ed.</span> <span class='ocrx_word' id='word_1_351' title='bbox 1273 3808 1362 3861; x_wconf 85' lang='lat' dir='ltr'>Paris.</span> 
     </span>
     <span class='ocr_line' id='line_1_42' title="bbox 213 3874 1362 3940; baseline 0.004 -14"><span class='ocrx_word' id='word_1_352' title='bbox 213 3891 227 3940; x_wconf 82' lang='grc'><strong>5</strong></span> <span class='ocrx_word' id='word_1_353' title='bbox 241 3875 277 3926; x_wconf 93' lang='lat' dir='ltr'>sis</span> <span class='ocrx_word' id='word_1_354' title='bbox 289 3875 362 3926; x_wconf 84' lang='lat' dir='ltr'>mitis</span> <span class='ocrx_word' id='word_1_355' title='bbox 372 3875 444 3928; x_wconf 86' lang='lat' dir='ltr'>Salu.</span> <span class='ocrx_word' id='word_1_356' title='bbox 456 3885 481 3928; x_wconf 83' lang='lat' dir='ltr'>et</span> <span class='ocrx_word' id='word_1_357' title='bbox 492 3874 529 3928; x_wconf 85' lang='lat' dir='ltr'>ed.</span> <span class='ocrx_word' id='word_1_358' title='bbox 542 3877 628 3928; x_wconf 83' lang='lat' dir='ltr'>Paris.</span> <span class='ocrx_word' id='word_1_359' title='bbox 668 3878 682 3925; x_wconf 90' lang='lat'><strong>6</strong></span> <span class='ocrx_word' id='word_1_360' title='bbox 696 3874 803 3940; x_wconf 86' lang='lat' dir='ltr'>fugeres</span> <span class='ocrx_word' id='word_1_361' title='bbox 816 3877 887 3929; x_wconf 86' lang='lat' dir='ltr'>Salu.</span> <span class='ocrx_word' id='word_1_362' title='bbox 900 3887 924 3929; x_wconf 83' lang='lat' dir='ltr'>et</span> <span class='ocrx_word' id='word_1_363' title='bbox 935 3877 973 3928; x_wconf 84' lang='lat' dir='ltr'>ed.</span> <span class='ocrx_word' id='word_1_364' title='bbox 986 3878 1074 3929; x_wconf 79' lang='lat' dir='ltr'>Paris.</span> <span class='ocrx_word' id='word_1_365' title='bbox 1112 3889 1126 3938; x_wconf 90' lang='lat'><strong>7</strong></span> <span class='ocrx_word' id='word_1_366' title='bbox 1141 3891 1193 3928; x_wconf 85' lang='lat' dir='ltr'>nec</span> <span class='ocrx_word' id='word_1_367' title='bbox 1207 3876 1278 3929; x_wconf 79' lang='lat' dir='ltr'>Salo.</span> <span class='ocrx_word' id='word_1_368' title='bbox 1288 3889 1313 3930; x_wconf 88' lang='lat' dir='ltr'>et</span> <span class='ocrx_word' id='word_1_369' title='bbox 1324 3878 1362 3931; x_wconf 84' lang='lat' dir='ltr'>ed.</span> 
     </span>
     <span class='ocr_line' id='line_1_43' title="bbox 211 3946 1363 4014; baseline 0.003 -16"><span class='ocrx_word' id='word_1_370' title='bbox 211 3948 300 3998; x_wconf 83' lang='lat' dir='ltr'>Paris.</span> <span class='ocrx_word' id='word_1_371' title='bbox 372 3961 486 4014; x_wconf 81' lang='lat' dir='ltr'>usquam</span> <span class='ocrx_word' id='word_1_372' title='bbox 498 3946 755 4000; x_wconf 77' lang='lat' dir='ltr'>Salu.eted.Poris.</span> <span class='ocrx_word' id='word_1_373' title='bbox 827 3947 999 4004; x_wconf 83' lang='lat' dir='ltr'>AstericusG</span> <span class='ocrx_word' id='word_1_374' title='bbox 1068 3947 1216 3999; x_wconf 82' lang='lat' dir='ltr'>astricusC</span> <span class='ocrx_word' id='word_1_375' title='bbox 1285 3949 1363 4001; x_wconf 81' lang='lat' dir='ltr'>Mure</span> 
     </span>
     <span class='ocr_line' id='line_1_44' title="bbox 212 4014 1363 4085; baseline 0.001 -16"><span class='ocrx_word' id='word_1_376' title='bbox 212 4016 287 4071; x_wconf 84' lang='lat' dir='ltr'>habet</span> <span class='ocrx_word' id='word_1_377' title='bbox 299 4015 427 4069; x_wconf 90' lang='lat' dir='ltr'>Asterion</span> <span class='ocrx_word' id='word_1_378' title='bbox 444 4014 496 4068; x_wconf 90' lang='lat' dir='ltr'>fuit</span> <span class='ocrx_word' id='word_1_379' title='bbox 508 4016 578 4068; x_wconf 89' lang='lat' dir='ltr'>filins</span> <span class='ocrx_word' id='word_1_380' title='bbox 595 4017 696 4069; x_wconf 88' lang='lat' dir='ltr'>cereris</span> <span class='ocrx_word' id='word_1_381' title='bbox 715 4017 791 4070; x_wconf 91' lang='lat' dir='ltr'>cuins</span> <span class='ocrx_word' id='word_1_382' title='bbox 806 4015 897 4070; x_wconf 82' lang='lat' dir='ltr'>fabula</span> <span class='ocrx_word' id='word_1_383' title='bbox 914 4018 975 4071; x_wconf 86' lang='lat' dir='ltr'>talis</span> <span class='ocrx_word' id='word_1_384' title='bbox 993 4022 1035 4070; x_wconf 89' lang='lat' dir='ltr'>est</span> <span class='ocrx_word' id='word_1_385' title='bbox 1048 4017 1164 4070; x_wconf 88' lang='lat' dir='ltr'>absirtus</span> <span class='ocrx_word' id='word_1_386' title='bbox 1181 4033 1263 4085; x_wconf 91' lang='lat' dir='ltr'>quem</span> <span class='ocrx_word' id='word_1_387' title='bbox 1277 4019 1363 4070; x_wconf 89' lang='lat' dir='ltr'>etalii</span> 
     </span>
     <span class='ocr_line' id='line_1_45' title="bbox 212 4086 1363 4156; baseline 0.003 -18"><span class='ocrx_word' id='word_1_388' title='bbox 212 4086 309 4140; x_wconf 92' lang='lat' dir='ltr'>dicunt</span> <span class='ocrx_word' id='word_1_389' title='bbox 325 4087 457 4154; x_wconf 83' lang='lat' dir='ltr'>egeaiium</span> <span class='ocrx_word' id='word_1_390' title='bbox 472 4086 568 4156; x_wconf 89' lang='lat' dir='ltr'>(Diod.</span> <span class='ocrx_word' id='word_1_391' title='bbox 582 4088 614 4142; x_wconf 91' lang='lat' dir='ltr'>iv.</span> <span class='ocrx_word' id='word_1_392' title='bbox 636 4104 678 4152; x_wconf 78' lang='lat'>45,</span> <span class='ocrx_word' id='word_1_393' title='bbox 700 4105 722 4154; x_wconf 90' lang='lat'>3,</span> <span class='ocrx_word' id='word_1_394' title='bbox 741 4087 799 4140; x_wconf 91' lang='lat' dir='ltr'>Cic.</span> <span class='ocrx_word' id='word_1_395' title='bbox 815 4087 848 4142; x_wconf 92' lang='lat' dir='ltr'>N.</span> <span class='ocrx_word' id='word_1_396' title='bbox 864 4089 900 4140; x_wconf 94' lang='lat' dir='ltr'>D.</span> <span class='ocrx_word' id='word_1_397' title='bbox 919 4089 954 4143; x_wconf 85' lang='lat' dir='ltr'>iii.</span> <span class='ocrx_word' id='word_1_398' title='bbox 972 4106 1011 4154; x_wconf 91' lang='lat'>19,</span> <span class='ocrx_word' id='word_1_399' title='bbox 1025 4093 1068 4154; x_wconf 90' lang='lat'>48,</span> <span class='ocrx_word' id='word_1_400' title='bbox 1078 4088 1178 4142; x_wconf 85' lang='lat' dir='ltr'>lustin.</span> <span class='ocrx_word' id='word_1_401' title='bbox 1192 4088 1246 4141; x_wconf 87' lang='lat' dir='ltr'>xlii.</span> <span class='ocrx_word' id='word_1_402' title='bbox 1266 4086 1292 4155; x_wconf 84' lang='lat'>3)</span> <span class='ocrx_word' id='word_1_403' title='bbox 1310 4087 1363 4141; x_wconf 86' lang='lat' dir='ltr'>fuit</span> 
     </span>
     <span class='ocr_line' id='line_1_46' title="bbox 211 4157 1362 4228; baseline 0.003 -19"><span class='ocrx_word' id='word_1_404' title='bbox 211 4157 281 4210; x_wconf 87' lang='lat' dir='ltr'>filius</span> <span class='ocrx_word' id='word_1_405' title='bbox 294 4158 402 4211; x_wconf 88' lang='lat' dir='ltr'>Cereris</span> <span class='ocrx_word' id='word_1_406' title='bbox 414 4157 459 4210; x_wconf 90' lang='lat' dir='ltr'>uel</span> <span class='ocrx_word' id='word_1_407' title='bbox 474 4157 577 4210; x_wconf 86' lang='lat' dir='ltr'>astrion</span> <span class='ocrx_word' id='word_1_408' title='bbox 595 4158 664 4211; x_wconf 90' lang='lat' dir='ltr'>filius</span> <span class='ocrx_word' id='word_1_409' title='bbox 677 4158 786 4211; x_wconf 85' lang='lat' dir='ltr'>Cereris</span> <span class='ocrx_word' id='word_1_410' title='bbox 798 4175 880 4228; x_wconf 88' lang='lat' dir='ltr'>quem</span> <span class='ocrx_word' id='word_1_411' title='bbox 897 4159 1048 4212; x_wconf 89' lang='lat' dir='ltr'>almonicus</span> <span class='ocrx_word' id='word_1_412' title='bbox 1062 4158 1178 4211; x_wconf 86' lang='lat' dir='ltr'>armauit</span> <span class='ocrx_word' id='word_1_413' title='bbox 1193 4160 1223 4227; x_wconf 88' lang='lat' dir='ltr'>(l.</span> <span class='ocrx_word' id='word_1_414' title='bbox 1237 4160 1362 4228; x_wconf 86' lang='lat' dir='ltr'>amauit).</span> 
     </span>
     <span class='ocr_line' id='line_1_47' title="bbox 214 4227 1363 4298; baseline 0.006 -19"><span class='ocrx_word' id='word_1_415' title='bbox 214 4227 262 4281; x_wconf 89' lang='lat' dir='ltr'>Ille</span> <span class='ocrx_word' id='word_1_416' title='bbox 274 4233 368 4281; x_wconf 86' lang='lat' dir='ltr'>autern</span> <span class='ocrx_word' id='word_1_417' title='bbox 381 4244 444 4281; x_wconf 91' lang='lat' dir='ltr'>eum</span> <span class='ocrx_word' id='word_1_418' title='bbox 457 4229 568 4296; x_wconf 90' lang='lat' dir='ltr'>spreuit.</span> <span class='ocrx_word' id='word_1_419' title='bbox 589 4233 613 4282; x_wconf 88' lang='lat' dir='ltr'><em>P</em></span> <span class='ocrx_word' id='word_1_420' title='bbox 626 4231 662 4282; x_wconf 78' lang='lat' dir='ltr'>sic</span> <span class='ocrx_word' id='word_1_421' title='bbox 684 4230 793 4282; x_wconf 87' lang='lat' dir='ltr'>Cereris</span> <span class='ocrx_word' id='word_1_422' title='bbox 803 4229 856 4282; x_wconf 86' lang='lat' dir='ltr'>fuit</span> <span class='ocrx_word' id='word_1_423' title='bbox 875 4229 943 4282; x_wconf 85' lang='lat' dir='ltr'>filius</span> <span class='ocrx_word' id='word_1_424' title='bbox 956 4229 1090 4283; x_wconf 87' lang='lat' dir='ltr'>ascutalus</span> <span class='ocrx_word' id='word_1_425' title='bbox 1100 4245 1182 4298; x_wconf 90' lang='lat' dir='ltr'>quem</span> <span class='ocrx_word' id='word_1_426' title='bbox 1194 4229 1237 4282; x_wconf 90' lang='lat' dir='ltr'>alii</span> <span class='ocrx_word' id='word_1_427' title='bbox 1251 4230 1363 4296; x_wconf 71' lang='lat' dir='ltr'>agelebd</span> 
     </span>
     <span class='ocr_line' id='line_1_48' title="bbox 204 4299 1363 4422; baseline 0.002 -71"><span class='ocrx_word' id='word_1_428' title='bbox 204 4299 384 4422; x_wconf 51' lang='lat' dir='ltr'>{ppelgaitrant</span> <span class='ocrx_word' id='word_1_429' title='bbox 405 4299 452 4367; x_wconf 92' lang='lat' dir='ltr'>qui</span> <span class='ocrx_word' id='word_1_430' title='bbox 471 4305 576 4368; x_wconf 87' lang='lat' dir='ltr'>quanto</span> <span class='ocrx_word' id='word_1_431' title='bbox 597 4301 657 4368; x_wconf 89' lang='lat' dir='ltr'>plus</span> <span class='ocrx_word' id='word_1_432' title='bbox 678 4316 694 4353; x_wconf 87' lang='lat' dir='ltr'>a</span> <span class='ocrx_word' id='word_1_433' title='bbox 714 4307 793 4369; x_wconf 88' lang='lat' dir='ltr'>patre</span> <span class='ocrx_word' id='word_1_434' title='bbox 814 4300 957 4354; x_wconf 84' lang='lat' dir='ltr'>amabatur</span> <span class='ocrx_word' id='word_1_435' title='bbox 977 4307 1058 4354; x_wconf 87' lang='lat' dir='ltr'>tanto</span> <span class='ocrx_word' id='word_1_436' title='bbox 1076 4301 1135 4368; x_wconf 91' lang='lat' dir='ltr'>plus</span> <span class='ocrx_word' id='word_1_437' title='bbox 1153 4306 1260 4369; x_wconf 89' lang='lat' dir='ltr'>patrem</span> <span class='ocrx_word' id='word_1_438' title='bbox 1279 4301 1363 4354; x_wconf 92' lang='lat' dir='ltr'>hodio</span> 
     </span>
    </p>

    <p class='ocr_par' dir='ltr' id='par_1_12' title="bbox 231 4385 339 4423">
     <span class='ocr_line' id='line_1_49' title="bbox 231 4385 339 4423; baseline 0.009 -1"><span class='ocrx_word' id='word_1_439' title='bbox 231 4385 339 4423; x_wconf 87' lang='lat' dir='ltr'>aea.</span> 
     </span>
    </p>

    <p class='ocr_par' dir='ltr' id='par_1_13' title="bbox 212 4441 1363 4581">
     <span class='ocr_line' id='line_1_50' title="bbox 249 4441 1363 4512; baseline 0.005 -20"><span class='ocrx_word' id='word_1_440' title='bbox 249 4457 309 4506; x_wconf 79' lang='lat'>4²⁵·</span> <span class='ocrx_word' id='word_1_441' title='bbox 329 4441 452 4494; x_wconf 88' lang='lat' dir='ltr'>Eristeus</span> <span class='ocrx_word' id='word_1_442' title='bbox 478 4442 501 4494; x_wconf 87' lang='lat' dir='ltr'><em>G</em></span> <span class='ocrx_word' id='word_1_443' title='bbox 517 4441 635 4508; x_wconf 74' lang='lat' dir='ltr'>fortasse</span> <span class='ocrx_word' id='word_1_444' title='bbox 658 4462 690 4494; x_wconf 86' lang='lat' dir='ltr'>ex</span> <span class='ocrx_word' id='word_1_445' title='bbox 716 4441 806 4512; x_wconf 88' lang='lat' dir='ltr'>glossa</span> <span class='ocrx_word' id='word_1_446' title='bbox 832 4461 920 4497; x_wconf 83' lang='lat' dir='ltr'>uersus</span> <span class='ocrx_word' id='word_1_447' title='bbox 948 4460 998 4508; x_wconf 77' lang='lat'>443</span> <span class='ocrx_word' id='word_1_448' title='bbox 1025 4441 1066 4496; x_wconf 70' lang='lat' dir='ltr'>irbi</span> <span class='ocrx_word' id='word_1_449' title='bbox 1090 4443 1247 4512; x_wconf 84' lang='lat' dir='ltr'>adscriptum</span> <span class='ocrx_word' id='word_1_450' title='bbox 1267 4445 1363 4510; x_wconf 83' lang='lat' dir='ltr'>fuerat</span> 
     </span>
     <span class='ocr_line' id='line_1_51' title="bbox 212 4512 780 4581; baseline 0.007 -17"><span class='ocrx_word' id='word_1_451' title='bbox 212 4513 333 4581; x_wconf 83' lang='lat' dir='ltr'>Egisteas</span> <span class='ocrx_word' id='word_1_452' title='bbox 405 4512 528 4567; x_wconf 85' lang='lat' dir='ltr'>filiamC</span> <span class='ocrx_word' id='word_1_453' title='bbox 597 4513 738 4566; x_wconf 86' lang='lat' dir='ltr'>uenditam</span> <span class='ocrx_word' id='word_1_454' title='bbox 751 4515 780 4568; x_wconf 83' lang='lat' dir='ltr'>C.</span> 
     </span>
    </p>

    <p class='ocr_par' dir='ltr' id='par_1_14' title="bbox 248 4583 1361 4655">
     <span class='ocr_line' id='line_1_52' title="bbox 248 4583 1361 4655; baseline 0.003 -21"><span class='ocrx_word' id='word_1_455' title='bbox 248 4598 309 4648; x_wconf 79' lang='lat'>427.</span> <span class='ocrx_word' id='word_1_456' title='bbox 328 4585 480 4651; x_wconf 89' lang='lat' dir='ltr'>quomoG</span> <span class='ocrx_word' id='word_1_457' title='bbox 537 4583 696 4639; x_wconf 85' lang='lat' dir='ltr'>thideumG</span> <span class='ocrx_word' id='word_1_458' title='bbox 754 4584 898 4639; x_wconf 88' lang='lat' dir='ltr'>thideusC</span> <span class='ocrx_word' id='word_1_459' title='bbox 966 4583 1041 4654; x_wconf 91' lang='lat' dir='ltr'>eum]</span> <span class='ocrx_word' id='word_1_460' title='bbox 1056 4605 1105 4640; x_wconf 87' lang='lat' dir='ltr'>om.</span> <span class='ocrx_word' id='word_1_461' title='bbox 1119 4585 1176 4638; x_wconf 82' lang='lat' dir='ltr'>Ask</span> <span class='ocrx_word' id='word_1_462' title='bbox 1251 4585 1361 4655; x_wconf 86' lang='lat' dir='ltr'>statius]</span> 
     </span>
    </p>
   </div>
   <div class='ocr_carea' id='block_1_7' title="bbox 0 0 1660 5200">
    <p class='ocr_par' dir='ltr' id='par_1_15' title="bbox 0 0 1660 5200">
     <span class='ocr_line' id='line_1_53' title="bbox 0 0 1660 5200; baseline 0 0"><span class='ocrx_word' id='word_1_463' title='bbox 0 0 1660 5200; x_wconf 95' lang='lat' dir='ltr'> </span> 
     </span>
    </p>
   </div>
  </div>
 </body>
</html>
