3294 5214
311 459 342 524 lx
720 455 1054 518 PROLEGOMENA„

314 630 402 690 extat,
421 619 504 679 abest
523 637 541 679 a
558 617 683 694 reliquis,
702 617 740 677 de
753 616 864 678 Alebae
884 616 942 676 iilia
957 631 1026 691 511,
1041 615 1185 676 Brotheae
1202 631 1270 692 517,
1289 627 1395 694 poetae
1414 621 1465 696 qui

314 703 397 762 laesit
419 700 551 760 Athenas
576 714 645 775 563,
666 709 772 776 poetae
796 700 888 758 seueri
913 712 983 773 565,
1007 708 1113 774 poetae
1134 699 1244 758 Achaei
1269 715 1336 775 541,
1358 713 1465 777 poetae

316 781 461 860 Syracosii
476 796 545 857 549,
559 781 707 857 Agenoris
722 783 790 855 569,
806 778 919 838 Aethali
934 783 1002 851 611,
1018 779 1176 839 Melanthei
1191 783 1228 839 62
1233 801 1259 857 3.
1301 781 1367 840 Has
1381 799 1465 840 com-

315 873 432 924 mentus
446 873 490 923 est
504 863 607 940 aliquis
627 863 676 939 qui
690 879 791 921 uersus
806 879 858 922 eos
873 861 965 920 Ibidis
983 862 1218 938 interpretatione
1232 881 1329 922 carere
1343 863 1466 922 uiderat.

315 946 473 1022 Pleraeque
490 963 527 1004 ex
545 945 611 1020 ipso
629 961 716 1013 uersu
734 942 873 1020 pendent,
888 959 1111 1020 nonnumquam
1127 943 1203 1002 male
1220 944 1365 1004 intellecto
1383 954 1416 1003 ut
1433 945 1464 1004 16

316 1027 444 1102 5rr,ubi
454 1044 492 1085 ex
500 1034 636 1102 corrupta
644 1026 784 1101 scriptura
792 1024 928 1083 codicum
938 1023 1027 1083 Stella
1035 1025 1178 1100 leotrepriio
1187 1024 1341 1085 scholiasta
1350 1026 1465 1085 Aleban

315 1111 345 1168 16
361 1108 442 1168 stella
458 1107 543 1168 leone
558 1117 659 1166 natum
673 1107 763 1176 6111111,
778 1115 808 1164 61
823 1123 878 1180 311
896 1105 946 1164 11111
963 1123 1031 1164 6616
1045 1104 1180 1166 Sardone
1194 1108 1290 1182 pallus
1308 1109 1465 1183 separatim

316 1189 456 1266 scriptum
477 1198 554 1248 esset
569 1187 730 1248 Scholiasta
750 1187 887 1263 paludem
907 1187 939 1246 in
954 1185 1085 1246 Sardone
1106 1188 1253 1248 intellexit.
1295 1188 1375 1247 Hinc
1396 1199 1466 1265 post

315 1271 431 1330 uitiatos
445 1271 564 1330 demum
578 1270 697 1330 codices
710 1269 801 1329 Ibidis
815 1278 845 1327 et
858 1268 913 1326 hae
927 1278 956 1327 et
970 1277 1081 1328 ceterae
1096 1269 1180 1327 fictae
1194 1268 1331 1329 historiae
1344 1269 1465 1330 scholiis

315 1351 421 1412 inlatae
435 1353 576 1411 uidentur.
620 1349 685 1410 Has
699 1367 812 1422 omnes,
826 1367 864 1408 ne
880 1349 1033 1426 legentem·
1045 1349 1184 1421 fallerent,
1200 1353 1347 1423 asterisco,
1361 1369 1465 1410 uersus

316 1434 399 1498 fictos
414 1444 443 1494 et
456 1433 600 1493 inclinatis
614 1433 712 1492 litteris
726 1442 755 1492 et
769 1432 914 1504 asterisc0,
928 1432 1037 1490 notaui.

358 1516 520 1592 Supersunt
535 1524 634 1575 tamen
652 1532 714 1573 666
731 1530 826 1589 pauca
844 1530 920 1589 quae
940 1513 1086 1573 declarent
1105 1531 1167 1572 non
1183 1531 1244 1573 uno
1264 1521 1395 1589 tempore
1410 1514 1465 1574 666

316 1597 550 1657 adcrescentibus
577 1614 629 1672 per
655 1595 763 1654 multos
790 1612 886 1653 annos
914 1603 1001 1671 atque
1032 1595 1120 1654 etiarn
1149 1595 1265 1654 saecula
1291 1596 1368 1654 uitiis
1395 1614 1465 1654 eam

317 1680 443 1756 speciem
459 1678 570 1737 scholia
584 1678 741 1754 sumpsisse
756 1694 814 1751 qua
832 1693 911 1734 nunc
929 1677 1046 1735 utimur.
1088 1677 1192 1735 Insunt
1209 1677 1289 1735 enirn
1303 1677 1390 1736 etiam
1405 1677 1465 1736 sin·

316 1761 474 1820 carioribus
499 1776 617 1829 errores,
639 1759 794 1835 praecipue
817 1759 979 1828 nominum,
1002 1775 1225 1834 nonnumquam
1247 1759 1335 1817 etiam
1358 1776 1465 1817 rerum.

315 1840 461 1917 Exemplo
472 1841 507 1899 sit
519 1840 615 1900 Schol.
630 1855 687 1914 659
697 1838 777 1915 quod
788 1839 817 1896 in
829 1857 889 1898 uno
900 1838 924 1896 P
934 1840 1098 1916 incorrupte
1109 1839 1244 1898 traditum
1256 1849 1308 1898 661.
1330 1838 1465 1898 Amtntor

308 1924 405 2000 filium
418 1941 499 1980 suum
514 1921 676 1980 Phoenicem
690 1922 814 1979 caecant
827 1922 894 1996 quia
913 1922 1017 1979 conticx
1031 1921 1464 1996 6111611164661661119161..

316 2006 400 2062 netem
414 2005 531 2061 uoluisse
544 2004 639 2061 einim
654 2004 772 2082 anferre,
785 2003 858 2078 quod
869 2009 957 2059 tomen
966 2003 1083 2080 fczlsum
1097 2009 1164 2061 crat.
1207 2003 1295 2061 Filios
1309 2002 1465 2062 Phoenicis

319 2085 348 2144 G
358 2084 505 2144 Tesallam
520 2094 549 2142 et
556 2084 697 2153 Dorilam,
707 2082 798 2141 Mure
806 2083 947 2142 Thirilam
961 2094 990 2142 et
998 2082 1146 2153 Doricam,
1160 2083 1225 2143 Cet
1235 2083 1297 2142 Ask
1307 2083 1464 2143 Thetillam

316 2164 473 2246 (Totilam)
495 2176 524 2224 et
546 2166 687 2224 Dorillam
709 2161 887 2243 (Dorissam)
912 2163 1037 2236 tradunt,
1059 2173 1128 2222 eta
1151 2182 1278 2224 nouerca
1302 2165 1464 2224 Licostrata

316 2249 377 2311 siue
395 2246 472 2318 Affa,
490 2247 548 2306 filia
567 2247 644 2322 regis
663 2245 837 2318 Gothorum,
858 2255 1017 2304 accusatos.
1059 2245 1151 2305 Cuius
1172 2247 1276 2305 erroris
1296 2247 1379 2322 orgio
1400 2247 1464 2305 talis

315 2330 429 2390 uidetur
449 2328 545 2390 luisse.
589 2329 733 2405 Scriptum
758 2327 849 2389 suerat
872 2328 903 2386 in
925 2328 1055 2402 margine
1076 2346 1104 2385 u.
1129 2341 1187 2403 659
1208 2328 1351 2386 Phoenix.
1394 2328 1464 2386 Hoc

316 2411 471 2471 scholiasta
492 2410 529 2469 ad
553 2410 673 2469 alterum
695 2409 881 2481 Phoenicem,
902 2418 1013 2484 patrem
1034 2408 1137 2467 Phinei
1158 2409 1291 2480 Thracis,
1312 2409 1463 2468 transtulit.

317 2493 396 2552 Huic
417 2492 557 2552 Phoenici
578 2492 628 2551 lilii
649 2491 764 2550 fuerunt
784 2490 928 2567 Doryclus
951 2499 980 2549 et
1002 2489 1175 2566 Oreithyius.
1218 2490 1344 2550 Thracia
1366 2501 1464 2549 autem

316 2593 384 2633 cum
398 2593 478 2634 anno
494 2576 551 2649 376
561 2573 597 2632 Α.
607 2573 644 2632 D.
660 2572 766 2632 Gothis
781 2583 859 2631 trans
873 2572 1043 2630 Danubium
1057 2573 1086 2629 16
1102 2589 1168 2630 6616
1181 2572 1306 2631 traiectis
1321 2582 1466 2650 occupata

315 2666 392 2715 esset
413 2655 547 2734 (Gibbon
567 2655 689 2714 Decline
710 2654 769 2713 and
790 2653 851 2712 Fall
869 2654 897 2711 ii.
915 2672 939 2712 6.
963 2655 1009 2725 66,
1029 2653 1065 2712 61.
1080 2652 1230 2713 Claudian.
1249 2652 1283 2711 B.
1299 2653 1364 2713 Get.
1384 2653 1463 2734 166),

317 2737 481 2797 Gothorum
495 2755 619 2812 regnum
633 2738 732 2794 uocari
746 2737 856 2812 potuit:
879 2734 1060 2794 sicutTotila
1074 2744 1176 2794 notum
1191 2753 1300 2795 nomen
1309 2737 1346 2794 .in
1357 2735 1464 2795 Gothis

316 2819 376 2878 fuit.
403 2818 537 2878 Similiter
551 2829 719 2894 corruptum
731 2826 774 2876 est
786 2816 924 2876 Scholion
935 2835 963 2877 u.
977 2821 1043 2890 285.
1065 2815 1153 2874 Ionus
1166 2817 1244 2876 enim
1258 2835 1326 2875 uere
1341 2817 1464 2876 fortasse

316 2901 452 2959 traditum
473 2909 517 2958 est
527 2918 535 2971 ;
566 2907 662 2957 cetera
686 2899 811 2958 conficta
832 2907 908 2957 sunt.
952 2899 998 2957 Sic
1020 2898 1058 2957 ad
1078 2917 1134 2973 293
1153 2897 1238 2956 Mure
1259 2899 1382 2973 uestigia
1401 2899 1464 2958 ueri

317 2999 446 3041 seruasse
461 2981 567 3050 iudico,
582 2980 606 3038 si
621 2981 739 3056 quidem
750 2979 962 3039 Echecratiden
977 2979 1101 3038 Ouidius
1112 2980 1236 3056 Erycem
1251 2981 1413 3038 nominauit
1426 2981 1463 3037 ab

317 3063 446 3122 Hercule
462 3071 504 3121 ter
517 3062 635 3120 uictum.
678 3061 790 3120 Rursus
806 3075 863 3136 305
879 3071 956 3120 recte
970 3071 1092 3137 possunt
1108 3061 1225 3120 Scholia
1240 3060 1277 3119 de
1291 3060 1392 3136 Pyrrhi
1406 3061 1463 3118 filia

315 3144 514 3220 interpretari;
537 3142 590 3202 sed
603 3143 679 3202 hanc
692 3144 865 3218 Perpilicam
879 3153 1015 3202 uocatam
1032 3142 1129 3213 1111666,
1145 3159 1197 3200 seu
1211 3141 1280 3218 quid
1294 3142 1372 3200 aliud
1386 3142 1462 3212 latet,

316 3243 406 3284 nemo
420 3224 638 3284 demonstrauit.
660 3225 708 3283 Ad
721 3223 953 3298 315Scholiasta
964 3223 1028 3282 Val.
1038 3223 1118 3282 Max.
1133 3233 1248 3283 secutus
1260 3233 1312 3294 est,
1324 3224 1464 3283 6661666

316 3307 420 3365 errauit
434 3306 514 3383 quod
523 3306 643 3364 Darium
653 3305 683 3363 Il
698 3305 787 3363 filium
801 3306 887 3382 primi
901 3305 976 3376 fecit,
987 3323 1054 3364 cum
1068 3305 1152 3365 fuerit
1160 3306 1337 3365 Artaxerxis.
1380 3305 1463 3365 Idem

316 3389 424 3447 factum
440 3388 525 3446 estin
542 3386 665 3446 Scholiis
680 3386 797 3460 66361,
815 3389 882 3462 364,
899 3400 966 3462 379,
980 3405 1047 3458 404,
1061 3400 1128 3462 417,
1141 3401 1209 3461 475,
1225 3389 1294 3461 485,
1311 3401 1378 3460 501,
1395 3401 1463 3462 529,

317 3485 385 3544 539,
403 3481 460 3544 573
478 3469 555 3541 (666.
572 3466 668 3546 Sala),
685 3471 753 3543 633.
796 3467 821 3525 Ε
835 3469 941 3544 quibus
956 3469 1083 3527 maxime
1097 3469 1259 3528 notandum
1274 3471 1351 3528 duco
1367 3468 1462 3528 Schol.

316 3553 354 3610 ad
376 3564 434 3625 417
458 3550 495 3609 66
519 3551 575 3621 Iro,
600 3551 630 3608 in
658 3568 717 3626 quo
742 3549 893 3611 1611166616
916 3548 1066 3608 historiam
1089 3549 1253 3608 conflarunt
1277 3549 1463 3620 Scholiastae,

316 3633 398 3693 cuius
409 3651 447 3690 ne
458 3633 577 3690 minima
588 3632 706 3707 quidem
721 3649 788 3707 pars
800 3631 878 3709 apud
890 3631 1055 3690 Homerum
1067 3640 1120 3690 est
1145 3631 1203 3690 Sed
1214 3650 1309 3707 neque
1317 3631 1464 3708 Elpenora

315 3715 459 3774 amasium
474 3714 706 3790 Agamemnonis
721 3712 814 3792 (485),
830 3732 884 3772 666
900 3712 1051 3789 Eupolidis
1068 3730 1190 3771 uxorem
1206 3710 1467 3792 Μ66616111(569),.

316 3815 371 3864 1166
387 3796 491 3854 Leium
508 3813 608 3872 regem
622 3794 739 3853 Murrae
758 3796 881 3853 ciuitatis
900 3793 1082 3853 conditorem
1101 3792 1196 3873 (539),
1210 3812 1266 3853 666
1280 3793 1463 3854 Leucotheae

315 3889 427 3956 patrem
444 3878 582 3936 Sameum
596 3873 683 3956 (573)
702 3895 758 3935 1166
777 3876 929 3935 Cliniaden
944 3874 1092 3934 Persicum
1113 3877 1185 3935 alius
1206 3877 1361 3953 quisquam
1383 3895 1463 3936 6616-

315 3960 496 4020 memorauit.

357 4043 423 4100 Hae
445 4040 624 4116 corruptelae
645 4049 677 4098 ut
699 4039 830 4098 obscuris
852 4039 881 4096 16
901 4039 1069 4097 6616616661
1094 4038 1196 4110 6611616,
1218 4039 1259 4099 116
1278 4057 1426 4098 6661616
1447 4057 1464 4096 6

315 4124 424 4182 11616116
439 4140 491 4197 per
505 4139 632 4180 errorem
647 4121 815 4180 nominibus
829 4130 947 4179 exortae
962 4130 1037 4179 sunt.
1075 4121 1122 4179 Sic
1137 4140 1173 4179 ex
1188 4140 1215 4180 11.
1232 4139 1290 4194 464
1305 4121 1355 4178 6111
1370 4122 1464 4180 adno-

316 4215 408 4261 tatum
429 4204 521 4261 suerat
538 4201 648 4274 Atrax,
665 4203 770 4261 uillosa
792 4201 830 4260 ad
852 4220 909 4277 399
930 4203 1031 4260 1161616
1053 4201 1172 4261 6616166
1195 4201 1365 4262 factumest
1385 4203 1415 4259 in
1435 4200 1465 4260 G

321 4285 407 4342 Trux
431 4291 456 4340 el
476 4283 583 4342 Aniene
594 4287 711 4362 fratres
721 4285 854 4362 suerunt.
896 4283 942 4343 Ex
963 4302 991 4342 11.
1013 4301 1070 4356 411
1099 4283 1218 4359 Cercyon
1243 4285 1281 4343 ad
1307 4302 1365 4358 409
1388 4293 1464 4342 retro

315 4375 485 4425 reuocatum
502 4374 553 4435 661,
569 4366 622 4423 666
641 4366 700 4423 1616
719 4375 854 4441 corrupta
871 4366 1010 4442 scriptura
1027 4367 1058 4423 16
1076 4364 1186 4441 Geryon
1194 4387 1207 4436 ;
1236 4366 1317 4442 quod
1331 4384 1393 4424 non
1408 4365 1465 4423 nisi

316 4457 384 4524 post
405 4446 552 4503 inductam
572 4445 722 4505 codicibus
743 4446 903 4504 barbariem
922 4447 1058 4505 effectum
1079 4457 1132 4506 est.
1174 4447 1210 4505 In
1232 4449 1289 4506 666
1305 4447 1412 4506 Scholii
1427 4446 1464 4505 ad

318 4543 376 4606 353
388 4536 455 4604 post
469 4526 558 4586 uerba
572 4528 641 4601 cepit
652 4526 815 4587 mechariG
830 4526 917 4586 habet
931 4537 957 4587 et
967 4548 1027 4586 eum
1042 4547 1150 4586 rossum
1163 4531 1269 4605 expuit,
1284 4547 1358 4605 quae
1373 4529 1464 4587 mani·
