3312 5200
312 443 369 502 138
712 437 1061 500 COMMENTARIVS.
1109 426 1118 445 '

311 599 383 654 Stat.
399 599 427 653 S.
442 597 458 654 i.
476 613 497 652 1.
511 597 546 652 66
564 603 677 652 sacrata
695 612 803 668 uorago
820 597 990 666 Famcsique
1007 597 1087 651 lacus
1104 612 1223 651 nomen
1242 595 1467 651 memorabile

311 679 454 738 seruant,
468 671 501 724 82
516 667 583 722 dicit
598 667 710 723 Curtius
726 667 891 721 Domitiano
906 668 992 738 Quod
1002 669 1031 721 si
1043 674 1071 721 te
1085 673 1184 721 nostra
1199 669 1332 721 tulissent
1343 668 1468 720 Saecula

310 745 472 810 temptasses
493 757 536 793 me
556 756 612 792 non
634 739 754 792 audente
777 738 944 808 profundo
970 741 1022 792 Ire
1047 740 1129 794 lacu.
1167 737 1230 792 Nisi
1252 739 1324 792 forte
1344 737 1467 792 Ouidius

311 822 459 892 utramque
472 810 596 864 tabulam
608 808 778 891 permiscuit.
886 811 959 864 444.
973 812 1114 863 Nomina
1125 813 1222 863 nulla.
1261 811 1339 862 Nam
1352 808 1467 862 notissi-

311 881 438 936 musturt
450 883 528 936 lacus
543 881 664 935 Curtius.
703 878 780 933 Hinc
793 878 933 947 colligitur
945 897 1011 934 uere
1023 881 1118 934 locum
1131 880 1167 934 de
1177 879 1273 935 Curtio
1287 879 1466 948 interpretati

313 954 409 1008 Const
425 951 563 1006 Fanensis
582 961 610 1006 et
625 949 800 1005 Passeratius
818 949 856 1004 ad
870 952 950 1020 Prop.
966 950 1005 1005 iii.
1021 966 1060 1005 11.
1073 951 1123 1004 61:
1142 968 1210 1005 nam
1228 950 1255 1003 in
1269 951 1392 1005 obscuro
1405 959 1466 1004 erat

310 1039 415 1077 nomen
426 1021 570 1092 Aegistaei
581 1021 640 1076 eius
651 1021 698 1091 qui
709 1019 839 1075 Celaenis
852 1020 881 1075 in
894 1022 962 1075 urbe
974 1021 1113 1090 Phrygiae
1126 1038 1192 1074 cum
1201 1031 1276 1075 terra
1288 1020 1317 1074 in
1327 1037 1466 1089 magnum

311 1093 421 1148 hiatum
433 1105 461 1148 et
475 1110 563 1164 aquas
576 1091 692 1146 diducta
704 1101 788 1160 esset,
802 1108 874 1161 quae
887 1092 990 1148 multas
1004 1092 1105 1145 domos
1119 1109 1183 1145 cum
1196 1091 1309 1146 familiis
1324 1092 1465 1159 obrueret,

312 1163 389 1219 iusso
400 1164 482 1219 Mida
491 1174 570 1234 patre
578 1180 629 1233 per
636 1164 780 1216 oraculum
789 1179 823 1224 eo
833 1161 945 1216 deicere
953 1163 1030 1232 quod
1039 1162 1112 1216 inter
1121 1162 1251 1216 homines
1261 1172 1337 1216 esset
1347 1160 1465 1215 maximi

311 1234 402 1304 pretii,
415 1251 489 1305 equo
508 1233 633 1288 insidens
652 1233 681 1287 in
699 1249 802 1288 cauum
821 1231 927 1287 insiluit
949 1243 1022 1288 teste
1036 1233 1208 1287 Callisthene
1225 1250 1269 1302 ap.
1283 1232 1465 1302 Apostolium

313 1307 393 1360 Cent.
407 1305 424 1360 i.
441 1303 492 1375 58b
510 1304 641 1371 Leutsch,
658 1321 679 1358 s.
690 1322 717 1358 u.
730 1303 870 1372 Αῑγιστέου
887 1273 999 1372 πήύημα
1038 1305 1124 1357 Hunc
1144 1304 1285 1358 Stobaeus
1302 1305 1377 1357 Flor.
1391 1316 1416 1369 7.
1430 1303 1466 1371 69

311 1387 340 1431 et
354 1376 521 1430 Plutarchus
535 1376 634 1430 Parall
650 1387 663 1444 ς
677 1375 841 1429 Anchurum
854 1384 965 1428 uocant.
1098 1377 1171 1427 445.
1190 1377 1390 1429 dedentibus
1403 1377 1466 1428 orti

313 1447 415 1516 Sparti.
447 1449 521 1515 Hyg.
535 1447 583 1512 178
598 1446 722 1500 Cadmus
732 1451 806 1499 sorte
817 1445 918 1499 andita
932 1445 973 1512 (ut
985 1444 1121 1514 oppidum
1136 1445 1270 1499 conderet
1283 1444 1330 1498 ubi
1345 1444 1467 1498 iuuenca

311 1517 503 1586 decubuisset)
524 1534 587 1571 cnm
611 1519 751 1586 imperata
770 1516 930 1586 perfecisset
949 1520 978 1569 et
996 1533 1101 1585 aquam
1125 1521 1278 1585 quaereret,
1299 1516 1341 1568 ad
1352 1516 1465 1586 sontem

314 1590 471 1643 Castalium
491 1590 577 1655 uenit,
593 1604 675 1656 quem
693 1587 777 1641 draco
793 1588 902 1640 Ματθία
911 1587 998 1656 filius
1015 1588 1192 1643 custodiebat.
1227 1588 1282 1656 qui
1295 1603 1360 1640 curn
1378 1587 1466 1639 socios

314 1661 417 1714 Cadmi
438 1659 618 1729 interfecisset
638 1676 657 1711 a
679 1658 783 1712 Cadmo
804 1658 899 1726 lapide
922 1662 964 1711 est
986 1658 1168 1728 intersectus;
1193 1657 1380 1726 dentesque
1404 1658 1467 1710 eius

312 1731 451 1784 Minerua
469 1734 642 1783 monstrante
663 1727 787 1797 sparsit
806 1735 833 1781 et
851 1730 956 1796 orauit,
976 1729 1050 1782 unde
1068 1729 1190 1798 Spartae
1207 1733 1275 1782 sunt
1292 1729 1377 1781 enati.
1414 1728 1469 1796 qui

311 1803 389 1854 inter
398 1818 426 1854 se
433 1804 614 1870 pugnarunt,
626 1817 663 1852 ex
672 1798 774 1868 quibus
784 1801 908 1868 quinque
919 1799 1128 1869 superfuerunt.
1243 1801 1314 1851 446.
1334 1801 1466 1852 Sidonia

314 1871 439 1925 Cadmus
459 1869 586 1924 Phoenix
607 1869 678 1923 Cilix
697 1871 813 1938 Europa
832 1886 867 1922 ex
885 1871 1017 1938 Agenore
1041 1869 1100 1924 nati
1125 1868 1173 1938 qui
1195 1868 1323 1937 regnauit
1347 1868 1463 1923 Sidone.

310 1945 381 2009 447,
395 1945 423 1994 8.
442 1940 516 1994 Vide
529 1942 693 1994 Excursum
765 1943 835 1994 449.
855 1944 972 2004 quibus
986 1939 1069 1995 uotis.
1106 1944 1220 2005 exiguo
1234 1943 1349 1995 libello.
1386 1939 1465 1992 Hinc

314 2013 348 2066 0.
369 2010 558 2066 Schneiderus
584 2010 706 2078 (Callim.
732 2009 758 2064 ii.
788 2027 815 2080 p.
842 2011 906 2078 278)
931 2010 1037 2080 colligit
1063 2011 1268 2065 Callimachum
1295 2009 1369 2064 lbidi
1396 2027 1465 2064 suae

313 2081 443 2136 historias
456 2098 514 2135 non
526 2080 678 2135 intexuisse
691 2082 788 2163 quales
802 2081 922 2135 Ouidius
935 2099 987 2136 suo
1002 2081 1119 2136 carmini
1135 2081 1301 2151 interposuit
1313 2099 1320 2148 3
1339 2081 1466 2134 libellum

313 2153 389 2207 enim
409 2153 585 2222 epigramma
603 2169 661 2206 non
682 2152 767 2205 nimis
787 2169 923 2220 magnum
941 2153 1034 2206 fiiisse.
1108 2155 1223 2206 deuota.
1243 2169 1261 2206 a
1280 2151 1465 2206 Callimacho.

312 2226 383 2279 450.
402 2228 542 2288 proiecta
559 2239 641 2287 uque.
658 2222 726 2276 Plin.
741 2221 797 2277 viii.
811 2235 844 2291 97
857 2223 915 2276 Ibis
928 2225 1017 2276 rostri
1028 2224 1191 2277 aduncitate
1204 2226 1261 2292 per
1274 2240 1335 2276 eam
1349 2226 1465 2292 partem

312 2312 341 2348 se
351 2295 483 2364 perlucens
499 2311 556 2364 qna
568 2294 649 2347 reddi
663 2294 787 2347 ciborum
799 2310 885 2347 onera
902 2296 1024 2348 manente
1034 2294 1147 2348 salubre
1157 2299 1204 2348 est.
1244 2293 1311 2347 lsid.
1327 2293 1403 2361 Orig.
1418 2292 1464 2347 xii.

314 2377 337 2431 7.
353 2380 393 2433 33.
432 2365 571 2432 Georgius
591 2364 646 2418 Pis
667 2366 804 2418 Hexaem.
822 2379 890 2418 1120
906 2366 957 2433 Τῆς
974 2366 1025 2434 γὰρ
1043 2364 1156 2418 κάτωθεν
1174 2364 1353 2434 ἐμφρογείσηε
1371 2363 1465 2428 ἐξόδου

313 2435 498 2507 Ἀμηχανοῦσα
509 2440 563 2490 πῶς
574 2434 669 2502 ἀνοίξει
681 2435 726 2502 τὴν
739 2433 827 2502 θύραν,
840 2436 890 2488 Τὸν
901 2437 999 2504 μακρὸν
1010 2435 1144 2489 ἐκτείνασα
1156 2436 1241 2502 λοξῶς
1252 2435 1348 2504 αὐχένα
1361 2435 1465 2503 Σίφωνα

312 2508 409 2578 γοργὸν
427 2505 565 2561 τεκτονεύει
584 2507 613 2558 τὸ
632 2508 725 2574 στόμα.
753 2507 802 2558 Καὶ
822 2506 904 2574 χυλὸν
921 2507 1004 2574 ἅλμης
1024 2505 1179 2574 ἐμβαλοῦσα
1197 2507 1252 2560 τοῖς
1269 2506 1323 2558 ἔσο)
1343 2506 1380 2558 Τὸ
1398 2504 1465 2573 ξηρὰ

313 2577 450 2646 tamon
473 2577 654 2645 ἐξεφόρτωσεν
677 2577 753 2644 βάρη.
794 2575 995 2646 (Saluagnius.)
1038 2577 1097 2631 Sed
1121 2593 1185 2630 cum
1212 2575 1379 2636 Callimachi
1405 2574 1465 2630 lbis

313 2648 435 2719 perierit,
457 2647 595 2703 incertum
616 2656 660 2701 est
678 2663 746 2701 num
768 2647 841 2700 hanc
861 2646 885 2700 is
906 2647 1072 2703 foeditatem
1092 2646 1214 2701 uolucris
1233 2647 1388 2701 insectatus
1408 2645 1463 2700 sit:

312 2736 406 2790 neque
419 2719 448 2772 id
461 2718 490 2773 in
500 2717 596 2772 Ouidii
608 2717 702 2772 uerbis
715 2717 796 2772 inest.
827 2719 904 2771 Nam
916 2735 1020 2788 aquam
1033 2717 1159 2788 proicere
1172 2734 1228 2787 qua
1240 2734 1342 2786 corpus
1355 2718 1466 2771 lauetur

313 2789 470 2844 munditiae
483 2799 534 2858 est,
549 2806 652 2859 aquam
671 2805 738 2844 uero
757 2787 869 2842 nonnisi
887 2806 986 2858 puram
1005 2789 1066 2843 ibes
1085 2788 1182 2842 bibere
1197 2798 1316 2843 testatur
1328 2787 1465 2842 Aelianus

315 2862 352 2914 H.
366 2861 401 2916 A.
414 2859 460 2915 vii.
473 2872 515 2928 45.
637 2861 784 2914 4511115.
830 2859 989 2913 Scholiasta
1009 2858 1077 2929 dicit
1099 2859 1301 2913 Menedemum
1320 2859 1465 2928 quendam

313 2931 401 2984 heroa
419 2931 573 2985 Troianum
592 2930 716 3000 pluribus
734 2929 830 2984 cultris
849 2929 887 2983 ibi
907 2929 1085 2985 interiectum
1103 2929 1209 2983 fuisse:
1230 2929 1315 2998 idque
1334 2946 1465 2983 narrasse

315 3000 527 3055 Callimachum.
569 3000 698 3071 Plerique
717 3009 781 3070 post
801 3000 959 3054 Domitium
978 3001 1014 3054 de
1033 3000 1108 3056 Osiri
1127 3001 1220 3054 locum
1239 2999 1398 3068 intelligunt
1416 2998 1464 3069 qui

313 3070 343 3124 in
362 3071 585 3140 quattuordecim
606 3072 689 3135 (Plut.
710 3071 746 3126 de
768 3071 834 3125 lsicl
858 3070 900 3138 18)
920 3072 965 3125 uel
985 3071 1085 3140 uiginti
1105 3088 1155 3125 sex
1174 3081 1268 3140 partes
1289 3087 1307 3124 a
1325 3071 1464 3139 Typhone

314 3140 471 3210 discerptus
495 3140 577 3195 fuerit
603 3140 699 3207 (Diod.
723 3141 741 3196 i.
763 3141 828 3209 21):
855 3141 906 3196 sed
930 3142 967 3196 ab
991 3141 1074 3196 huius
1099 3141 1187 3196 sacris
1211 3143 1315 3195 cultros
1340 3141 1465 3195 abfuisse

313 3221 457 3265 auctorem
481 3228 539 3264 non
563 3211 691 3280 afferunt,
716 3228 888 3283 quamquam
913 3212 942 3266 id
966 3230 1034 3267 uero
1058 3212 1176 3267 similius
1201 3212 1231 3266 fit
1255 3211 1332 3282 quod
1359 3228 1464 3265 nomen

314 3281 436 3336 Osiridis
455 3281 483 3335 in
504 3281 553 3336 tali
573 3299 603 3337 re
622 3283 745 3351 proferre
764 3283 872 3352 relligio
891 3283 951 3350 suit,
971 3283 1042 3338 Hdt.
1059 3283 1086 3338 ii.
1104 3298 1161 3351 132,
1177 3295 1233 3348 171.
1271 3284 1316 3336 An
1337 3283 1464 3351 Neopto·

312 3353 403 3406 lemus
428 3352 520 3421 potius
545 3352 718 3422 significatur
742 3369 826 3423 quem
849 3353 970 3423 Delphis
994 3364 1060 3408 ante
1082 3370 1162 3408 aram
1188 3352 1328 3422 Apollinis
1356 3353 1464 3406 sacrifi·

312 3432 426 3476 cantem
445 3424 565 3492 populus
588 3424 743 3492 Delphicus
764 3425 809 3479 uel
830 3425 962 3479 sacerdos
984 3425 1171 3480 Machaereus
1191 3423 1286 3478 cultris
1306 3422 1466 3477 interiecit?

314 3494 407 3548 Schol.
423 3493 504 3549 Pind.
518 3495 555 3548 N.
568 3494 613 3548 vii.
627 3495 661 3548 62
680 3495 750 3548 Φασὶ
762 3499 808 3548 τοῦ
820 3493 1004 3565 Νεοπτολέμου
1020 3494 1126 3550 θύοντος
1138 3494 1198 3550 τοὺς
1210 3493 1332 3561 Δελφούς
1344 3495 1465 3562 ἁρπάζειν

312 3566 345 3617 τὰ
358 3563 465 3633 θύματα,
475 3564 509 3619 ebs
520 3564 578 3620 ἔθος
591 3565 684 3620 αὐτοῖς·
695 3567 740 3619 τὸν
752 3566 780 3619 δὲ
793 3567 976 3634 Νεοπτόλεμον
988 3564 1188 3635 δυσονοσχὲτως
1200 3566 1294 3634 ἔχοντα
1306 3563 1464 3618 διακωλύειν·

312 3636 404 3690 αὐτοὺς
423 3635 451 3688 δὲ
472 3635 664 3704 διαχρήσασθαι
684 3637 760 3689 αὐτὸν
779 3637 843 3706 ξίφη
863 3637 977 3705 ἔχοντας.
1028 3637 1110 3691 Certe
1137 3637 1173 3691 ab
1198 3635 1304 3690 inferiis
1329 3634 1390 3689 eius
1415 3635 1463 3704 qui

313 3705 408 3760 cultris
421 3705 542 3776 perierat
551 3705 708 3776 (μαχαίραις)
719 3706 819 3761 merito
832 3708 1007 3761 amouendus
1020 3717 1080 3762 erat
1093 3709 1188 3761 culter.
1270 3709 1342 3760 452.
1354 3709 1463 3760 culter.

313 3777 479 3847 Spartianus
492 3777 547 3831 Vit.
561 3776 697 3832 Hadrian.
712 3792 742 3845 13
755 3779 798 3831 Et
809 3779 840 3831 in
852 3778 966 3832 Achaia
977 3779 1089 3847 quedem
1101 3779 1187 3832 etiam
1199 3777 1278 3830 illud
1286 3777 1464 3850 absumatnrn

303 3851 410 3919 serunt
420 3848 498 3918 quod
511 3865 575 3902 cum
593 3850 625 3901 in
641 3850 730 3902 sacris
746 3850 834 3902 multi
847 3849 953 3902 cultros
969 3848 1102 3902 haberent
1118 3865 1182 3902 cnm
1194 3848 1348 3901 Hadriano
1364 3848 1465 3901 nullus

312 3925 441 3973 arcuatus
462 3920 605 3990 ingressus
627 3925 674 3973 est.
714 3918 873 3974 Philostrat.
895 3919 950 3973 Vit.
972 3920 1103 3988 Apollon.
1123 3933 1175 3986 342
1198 3922 1276 3972 Οὔπω
1295 3918 1359 3988 ὑπὲρ
1380 3918 1464 3971 αὐτῶν

312 3990 402 4056 ἔθυσα,
413 3986 466 4043 οὐδ’
475 3990 507 4042 ἂν
519 3988 626 4056 θύσαιμι
638 3988 720 4056 οὐδὲν,
731 3986 784 4042 οὐδ’
795 3989 825 4042 ἂν
837 3989 934 4060 θίγοιμι
948 3990 1020 4059 ἶερῶν
1033 3990 1061 4042 ἐν
1073 3986 1112 4044 οἷς
1123 3987 1194 4056 οἶμα,
1204 3987 1257 4042 οὐδ’
1266 3989 1297 4041 ἂν
1307 3988 1428 4056 εὐξαίμην
1437 3989 1464 4043 εἰ·

312 4061 468 4130 μάχαιραν
478 4059 584 4124 βλέπων
596 4058 611 4126 ἢ
624 4059 724 4114 θυσίαν.
798 4063 869 4114 453.
888 4063 1053 4115 Attonitus
1064 4061 1157 4114 furore
1169 4059 1292 4130 percitus
1306 4058 1388 4114 ‘with
1401 4059 1463 4128 fury

311 4132 389 4199 rapt'
402 4131 628 4186 T.Vnderdown.
696 4133 768 4183 454.
786 4134 865 4195 uilia
877 4135 1018 4186 membra
1032 4132 1074 4200 (F.
1086 4130 1121 4185 iv.
1132 4145 1192 4199 244,
1207 4129 1269 4183 Tib.
1280 4129 1296 4184 i.
1307 4144 1333 4196 4.
1344 4129 1400 4198 70),
1413 4146 1464 4198 pes

311 4201 537 4269 euphemismum
559 4200 653 4270 posuit
672 4210 703 4255 ut
722 4200 892 4270 significaret
911 4203 1021 4257 uc'rilia.
1067 4203 1144 4256 Lact.
1165 4219 1190 4255 v.
1214 4216 1242 4255 11
1266 4202 1298 4254 in
1322 4201 1463 4254 obscenam

306 4273 495 4341 prorumpere
506 4273 655 4326 uilitatem.
682 4271 765 4341 Galli,
775 4272 937 4326 sacerdotes
952 4273 1083 4341 Cybelae,
1094 4273 1162 4326 dum
1174 4271 1337 4325 uirilitatem
1350 4270 1403 4325 sibi
1417 4289 1463 4324 ex-

228 4379 233 4390 .
310 4351 419 4408 secant,
431 4345 509 4396 iulia
520 4346 662 4396 membra
673 4343 701 4397 h.
710 4360 734 4397 e.
748 4342 776 4397 in
789 4353 953 4412 contemptu
966 4361 997 4397 se
1010 4344 1114 4397 habere
1127 4343 1312 4396 testabantur.
1353 4344 1463 4396 modos

311 4409 451 4464 tibiarum.
511 4415 581 4467 455.
600 4416 708 4477 Deque
719 4417 790 4467 uiro
803 4424 886 4467 exuta
899 4413 1029 4468 uirilitate
1043 4430 1115 4483 quae
1128 4412 1178 4467 tibi
1192 4412 1269 4482 prius
1282 4411 1340 4467 fuit.
1377 4414 1417 4466 M.
1426 4411 1462 4466 ix.

311 4493 364 4547 744
373 4484 495 4550 puerum
507 4482 541 4535 de
553 4484 672 4552 uirgine,
686 4485 720 4538 A.
733 4485 766 4538 A.
780 4483 808 4538 ii.
823 4485 874 4552 564
885 4485 930 4538 De
940 4485 1009 4538 duce
1021 4485 1145 4538 terribili
1150 4484 1252 4553 sactus
1264 4489 1379 4536 amator
1392 4487 1461 4536 erat.

310 4568 369 4606 nec
381 4554 498 4606 femina
509 4569 567 4606 nee
577 4558 638 4608 uir.
671 4555 731 4610 Cat.
745 4554 809 4609 lxiii.
824 4569 856 4622 27
870 4555 957 4609 notha
969 4555 1076 4610 mulier
1085 4556 1120 4624 69
1131 4572 1181 4626 ego
1193 4556 1250 4608 mei
1258 4558 1339 4625 pars,
1352 4570 1402 4624 ego
1415 4555 1465 4608 uir
