3294 5214
256 402 303 462 viii
697 399 945 461 PRAEFATIO.

257 556 365 620 abaris
378 573 565 634 nequaquam
579 555 658 616 Anio
672 559 837 618 conueniat.
879 557 937 616 Pro
954 556 1043 616 nihilo
1063 557 1148 634 igitur
1162 566 1205 616 est
1225 556 1254 614 in
1268 555 1326 616 hoc
1341 556 1408 616 loco

258 650 377 710 Caecilii
390 649 506 727 Apuleii
521 650 728 710 testimonium.

297 746 375 821 516.
397 745 483 804 Illius
507 743 627 824 (Pyrrhi,
654 747 731 822 regis
755 743 848 824 Epiri)
875 745 1000 806 Cadmus
1021 746 1195 822 sepulchrum
1217 751 1284 822 past
1303 745 1411 820 aliquot

258 859 345 902 annos
359 837 544 916 Epirotarum
557 841 688 917 princeps
709 843 740 899 in
760 842 863 899 cr'rures
882 858 991 898 uersum
1010 840 1162 915 dissipauit
1178 845 1258 914 atque
1272 839 1408 913 dispersit,

258 942 292 992 ut
309 935 340 992 iu
359 932 571 1010 antiquitatibus
591 933 766 1010 Lycophrau,
787 933 934 1006 Musaeus,
960 932 1082 1011 Criipus
1105 942 1132 993 et
1150 932 1232 993 Naso
1253 933 1407 1009 prodidere.

261 1028 315 1089 Cn.
333 1026 501 1087 Camerinus
515 1031 546 1086 in
562 1027 663 1087 Traziu
675 1029 793 1088 excidii).
809 1074 816 1088 .
833 1073 839 1088 .
966 1101 970 1112 Ι

299 1121 440 1199 Respexit
454 1121 497 1182 Ib.
514 1141 582 1198 303,
598 1141 624 1195 4,
642 1141 717 1200 quos
735 1141 837 1183 uersus
857 1124 946 1183 etiam
960 1123 993 1182 B.
1010 1121 1047 1182 G.
1063 1121 1240 1182 Niebuhrius
1255 1118 1409 1201 (Lectores

258 1235 299 1276 on
319 1217 446 1278 Ancient
471 1215 593 1294 History
614 1217 643 1276 iii
667 1236 696 1294 p.
719 1215 791 1296 311)
813 1217 850 1277 de
875 1216 978 1294 Pyrrhi
1002 1215 1107 1292 Magni
1132 1215 1228 1275 diruto
1254 1216 1409 1293 sepulchro

259 1311 461 1386 interpretatus
475 1321 526 1370 est.
569 1311 652 1371 Paus.
668 1312 686 1370 i.
702 1331 729 1387 9.
746 1331 764 1388 9
780 1314 930 1385 Λυσίμαχος
947 1312 976 1368 δὲ
992 1313 1034 1367 καὶ
1050 1315 1078 1370 te
1092 1314 1206 1382 πόλεμον
1224 1312 1289 1386 πρὸς
1308 1309 1411 1384 Hippou

259 1405 367 1475 κατέστη
380 1407 427 1462 τὸν
439 1405 567 1464 Αἰακίδου.
595 1406 717 1479 φυλάξας
731 1407 759 1462 δὲ
773 1407 803 1478 ἐξ
815 1405 941 1480 Ἠπείρου
951 1405 1065 1476 ἇπιόντα,
1076 1401 1118 1461 οἶα
1128 1405 1158 1475 δὴ
1171 1405 1302 1461 τὰπολλὰ
1316 1405 1411 1461 ἐκεῖνος

258 1499 395 1569 ἐπλανᾶτο,
420 1498 466 1570 τήν
486 1521 516 1556 τε
536 1499 621 1569 ἄλλην
645 1499 819 1571 aequamen
834 1499 963 1573 Ἤπειρον
984 1500 1025 1556 καὶ
1047 1499 1091 1555 ε’πὶ
1112 1500 1158 1557 τὰς
1178 1498 1255 1569 θήκας
1275 1496 1340 1568 ἦλθε
1360 1503 1411 1555 τῶν

258 1593 397 1658 βασιλέων.
430 1595 467 1648 Τὰ
481 1595 510 1649 δὲ
523 1594 638 1650 ἐντεῦθεν
651 1595 709 1666 ἐμοί
721 1595 794 1650 ἐστιν
808 1595 838 1649 οὐ
851 1595 941 1664 πιστά,
955 1591 1102 1666 Ἱερώνυμος
1117 1593 1145 1648 δὲ
1159 1593 1261 1666 ἔγραψε
1269 1589 1411 1666 Καρδίανοο

259 1687 410 1758 Λυσίμαχον
422 1688 468 1745 τὰς
482 1686 559 1757 θήκας
571 1693 622 1743 τῶν
635 1693 728 1760 νεκρῶν
742 1688 865 1743 ἀνελόντα
877 1688 909 1742 τὰ
923 1687 992 1742 ὀστᾶ
1001 1687 1113 1760 ἐκρῖψαι.
1143 1683 1280 1749 Eandem
1294 1685 1411 1760 interpr.

259 1777 412 1838 Constant.
429 1778 571 1837 Fanensis
588 1777 640 1838 sed
660 1779 735 1838 inter
754 1779 824 1838 alias
843 1778 962 1855 protudit
978 1777 1130 1838 Hecatost.
1145 1777 1181 1838 iv.
1224 1777 1284 1838 Sed
1304 1795 1342 1836 ne
1363 1776 1410 1834 hic

259 1872 378 1949 quidem
406 1872 521 1931 uidetur
547 1881 658 1932 rectum
686 1881 863 1932 consecutus
888 1871 1037 1948 Apuleius,
1064 1873 1088 1930 si
1115 1872 1208 1931 modo
1231 1889 1300 1931 uere
1324 1870 1411 1930 tradit

260 1965 396 2042 Hyginus
411 1965 482 2025 Fab.
499 1984 557 2041 123
573 1965 762 2043 Neoptolemi
780 1985 843 2025 ossa
854 1977 908 2042 per
919 1966 995 2042 fines
1008 1965 1180 2024 Ambraciae
1193 1974 1295 2040 sparsa
1302 1966 1410 2043 fuisse.

260 2055 351 2123 Hunc
365 2059 443 2117 enim
459 2059 599 2136 Pyrrhum
613 2059 768 2119 manifesto
783 2058 907 2119 Ouidius
920 2059 1090 2137 eisdemque
1103 2059 1200 2118 uerbis
1215 2058 1376 2118 denotauit.

300 2152 378 2227 544.
400 2152 540 2212 Aeternus
564 2173 604 2212 aa.
627 2154 703 2230 dtpd
724 2161 765 2212 est
787 2155 839 2229 qui
856 2172 903 2212 uec
921 2153 1094 2230 principium
1115 2171 1164 2211 nec
1176 2154 1265 2230 finem
1279 2152 1414 2223 habetat
1474 2176 1476 2181 ¹

259 2247 346 2304 drus:
368 2263 534 2323 quamquam
559 2246 693 2323 Orpheus,
712 2247 807 2306 Linus
831 2255 857 2306 et
880 2245 1019 2306 Hesiodus
1041 2248 1101 2306 uos
1124 2265 1163 2306 rx
1184 2247 1252 2305 chao
1273 2247 1309 2305 ab
1333 2247 1412 2304 siritu

260 2341 381 2416 erupisse
400 2341 537 2413 diuuint,
560 2361 626 2418 quas
649 2349 675 2400 rt
692 2343 815 2420 plerique
834 2361 874 2401 ex
895 2343 997 2400 nostris
1017 2349 1170 2418 sequuntur
1191 2347 1224 2400 ut
1244 2339 1279 2400 ab
1299 2341 1412 2416 antiquo,

259 2435 328 2493 alaao
342 2441 492 2511 ueteresque
505 2436 617 2512 diuique
630 2439 747 2513 naur'que
762 2439 780 2496 i.
795 2457 822 2494 u.
837 2443 856 2498 t.
871 2437 896 2494 d.
912 2457 934 2496 c.
951 2455 976 2494 a.

301 2526 442 2606 Respexit
465 2528 508 2589 Ib.
531 2533 569 2603 84
594 2531 644 2590 ubi
666 2531 769 2591 uitiose
791 2530 821 2588 in
846 2530 932 2590 codd.
957 2529 1095 2589 traditum
1119 2539 1163 2588 est
1185 2529 1271 2587 chori.
1313 2527 1412 2588 Etiam

261 2622 412 2684 Constant.
441 2623 582 2691 Fanensis
609 2624 705 2684 Sarrit.
730 2625 780 2684 fol.
807 2634 838 2682 1a
859 2623 927 2684 dicit
951 2625 981 2682 in
1005 2623 1091 2682 bonis
1113 2621 1326 2699 exemplaribus
1350 2640 1412 2682 non

261 2715 341 2776 chori
362 2717 414 2776 sed
435 2717 596 2794 chao'legi.
638 2719 704 2795 Ego
725 2718 755 2776 id
776 2735 837 2776 non
859 2726 926 2776 ante
948 2716 993 2775 ed.
1017 2715 1331 2791 Rubei1474inueni.
1373 2716 1413 2778 Et
1445 2770 1447 2776 .
1543 2794 1547 2802 1

261 2810 308 2871 hic
329 2810 448 2886 quidem
469 2829 572 2870 uerum
592 2821 637 2871 est
657 2812 739 2889 quod
760 2810 901 2888 Apuleius
926 2810 1020 2881 tradit,
1043 2811 1096 2869 etsi
1118 2826 1154 2868 ex
1176 2809 1275 2868 litteris
1296 2810 1412 2872 conicio

261 2922 329 2962 eum
343 2904 447 2980 legisse
461 2903 500 2962 Iu
513 2911 638 2964 nostrum
653 2904 746 2963 ducti
761 2904 835 2983 (non
849 2901 980 2983 cuncti)
996 2910 1098 2980 tempus
1111 2903 1201 2962 adeste
1214 2904 1290 2962 chao.

303 2997 375 3057 Non
395 2997 518 3056 multum
539 2999 612 3058 lucis
631 2998 707 3058 Ibidi
729 2998 851 3058 accessit
869 3017 906 3057 ex
925 2999 1143 3057 commentariis
1157 2997 1290 3056 Ascensii
1305 2994 1412 3077 (1500)

262 3102 292 3160 et
317 3092 425 3151 Zarotti
448 3089 564 3170 (1501).
607 3092 687 3153 Nam
707 3093 866 3152 Ascensius
888 3091 1004 3151 nonnisi
1027 3091 1148 3151 Domitii
1172 3092 1414 3151 commentarium

263 3187 396 3263 supplere
419 3187 625 3258 constituerat.;
659 3187 712 3246 etsi
734 3205 796 3246 non
810 3186 917 3246 desunt
933 3203 1009 3262 quae
1031 3185 1068 3245 de
1089 3185 1221 3244 obscuris
1242 3185 1314 3244 loeis
1334 3204 1415 3246 noua

262 3280 419 3358 protulerit,
435 3299 460 3339 e.
471 3299 501 3356 g.
517 3279 555 3338 ad
573 3298 628 3338 122
649 3282 699 3340 ubi
720 3281 863 3340 Fortunae
871 3281 970 3358 facies
991 3280 1129 3338 inuidiosa
1150 3296 1211 3337 non
1232 3277 1307 3337 male
1328 3279 1413 3338 inter·

262 3384 390 3452 pretatus
410 3384 467 3446 est,
492 3385 521 3434 et
546 3378 605 3446 418
631 3376 681 3434 ubi
706 3393 772 3434 eam
799 3375 1026 3452 explicationem
1055 3382 1171 3432 secutus
1199 3382 1244 3431 est
1266 3391 1355 3450 quam
1383 3374 1415 3434 in

262 3468 387 3546 Anglica
400 3468 636 3544 interpretatione
651 3468 788 3528 carminis
802 3469 937 3545 repetiuit
948 3467 1083 3526 Thomas
1094 3466 1287 3526 Vnderdown
1298 3463 1414 3545 (1569).

263 3561 420 3638 Copiosior
434 3562 575 3634 ZarottuS,
591 3563 640 3622 uix
655 3563 770 3636 melior3
793 3562 848 3622 nisi
858 3562 938 3640 quod
948 3561 1120 3639 plerumque
1129 3559 1213 3620 affert
1223 3560 1415 3632 Scholiasten‚

263 3673 487 3733 nonnumquam
515 3655 596 3714 aliter
623 3674 713 3733 quam
740 3657 770 3715 in
798 3657 871 3717 meis
903 3656 1055 3717 codicibus
1082 3655 1205 3715 traditus
1233 3652 1303 3715 est*
1356 3653 1416 3714 Sed

264 3759 293 3810 et
305 3751 336 3809 in
350 3749 408 3808 hoc
423 3759 489 3808 sunt
503 3749 648 3827 quaedam
661 3751 759 3810 bonae
773 3751 873 3828 frugis,
888 3770 913 3810 e.
925 3770 953 3827 g.
970 3749 1008 3808 ad
1025 3769 1080 3826 291
1093 3760 1199 3825 parum
1216 3750 1293 3808 mstis
1307 3748 1415 3807 ‘uoluit

263 3843 343 3902 enim
368 3843 507 3919 prodesse
530 3851 559 3902 et
580 3841 691 3903 obfuit'
716 3854 745 3905 et
770 3845 808 3904 ad
830 3863 889 3919 419
903 3843 1001 3902 Filius
1021 3849 1047 3901 et
1069 3841 1189 3913 Carini,
1212 3855 1271 3916 545
1294 3840 1329 3900 Vt
1341 3851 1416 3917 puer

263 3935 454 4012 Harpagides,
468 3935 573 4012 quibus
593 3937 738 3996 ambobus
758 3937 829 3996 locis
849 3955 953 3996 uerum
975 3936 1046 3995 uidit
1066 3935 1177 4012 primus
1196 3953 1233 3993 ex
1247 3934 1415 4006 editoribus

264 4047 335 4088 nam
359 4029 464 4088 eadem
492 4029 595 4089 melius
621 4039 689 4107 post
715 4030 865 4089 Zarottum
890 4029 1079 4089 Constantius
1104 4029 1284 4088 monstrauit.
1325 4030 1416 4088 Anno

268 4136 346 4197 1515
374 4123 543 4199 prodierunt
570 4122 702 4183 Venetiis
736 4123 856 4183 loannis
884 4122 1032 4200 Baptistae
1059 4121 1178 4199 Egnatii
1209 4122 1239 4180 in
1269 4121 1416 4183 Heroidas

265 4215 364 4276 Ouidii
379 4215 500 4293 Sappho
515 4227 545 4276 et
558 4217 623 4276 Ibin
638 4218 868 4290 obseruationes
883 4235 958 4294 quae
973 4234 1154 4294 quamquam
1172 4217 1322 4276 breuiores
1341 4227 1416 4289 sunt,
1480 4285 1486 4297 Ι

223 4355 225 4360 ,
264 4309 382 4370 laudem
402 4321 548 4371 mererent
568 4331 655 4372 uerae
677 4313 846 4372 eruditionis
867 4312 921 4371 nisi
940 4329 1057 4389 semper
1075 4311 1134 4370 fere
1155 4311 1193 4369 ab
1211 4312 1318 4372 eodem
1335 4310 1416 4371 Con-

414 4459 428 4494 *
447 4455 507 4506 ilinc
519 4458 607 4506 factum
619 4467 653 4507 est
665 4468 691 4506 ut
702 4457 824 4508 Zarottum
837 4459 914 4508 laudet
926 4458 1057 4508 Lobeckius
1070 4457 1184 4523 Aglaoph.
1197 4456 1253 4508 601.
