3294 5214
281 471 340 510 xxx
690 447 1020 509 PROLEGOMENA.

282 605 393 687 (isidis)
407 610 537 668 mai'estas
558 608 717 666 ui'ridi'cuuit
735 624 803 666 non
823 607 924 667 habet
944 608 1057 667 locum
1078 628 1160 667 casus
1177 611 1301 688 i'njestus.
1346 609 1433 681 Quae

281 692 380 751 omnia
394 691 431 750 ud
442 690 526 750 Isidis
537 689 728 748 caerimonias
743 689 895 766 pertinere,
906 706 981 766 quae
995 689 1173 766 discerptum
1187 709 1295 767 corpus
1310 689 1433 750 Osiridis

280 773 433 831 inueniens
447 789 482 831 ac
501 770 644 846 sepeliens
664 770 820 845 quotannis
839 770 958 830 inducta
977 771 1021 842 sit,
1036 789 1097 830 non
1119 781 1162 831 est
1183 773 1264 848 quod
1284 790 1433 831 moneam.

281 853 401 930 Optime
428 853 466 911 ad
493 871 555 910 rem
582 851 650 910 iacit
674 851 815 910 Finnicus
840 850 991 912 Maternus
1017 871 1032 910 2
1059 852 1123 911 Hoc
1146 851 1262 930 (idolum
1294 851 1433 932 Osiridis)

281 937 385 994 annuis
397 934 515 992 luctibus
525 934 670 1009 plangunt,
685 934 792 991 radunt
805 935 904 1008 capita,
919 940 952 991 ut
970 935 1158 992 miserandum
1178 954 1273 993 casum
1293 938 1371 1012 regis
1387 935 1437 994 sui'

281 1017 451 1091 turpitudine
470 1016 638 1074 debomstati
653 1013 769 1088 defleant
785 1017 893 1089 capitis,
911 1016 1033 1073 tundunt
1046 1023 1150 1092 pectus,
1165 1017 1293 1074 lacerant
1309 1018 1433 1088 lacertos,

282 1107 435 1156 ueterum
463 1096 641 1155 uulnerum
669 1107 828 1164 resecant
856 1096 1041 1166 cicatrices,
1067 1105 1100 1155 ut
1125 1101 1228 1156 annuis
1255 1098 1374 1156 luctibus
1403 1100 1433 1157 in

281 1180 385 1237 animis
397 1180 628 1257 eorumsunestae
640 1196 674 1236 ac
687 1178 859 1236 miserandae
873 1180 946 1236 neci's
958 1181 1078 1237 exitium
1094 1177 1294 1250 renascatur&

324 1260 437 1319 Rursus
458 1258 527 1318 nihil
547 1260 578 1316 in
599 1259 645 1318 his
666 1258 779 1334 scriptis
800 1259 915 1335 saepius
936 1259 1063 1336 reperias
1084 1278 1173 1337 quam
1194 1271 1226 1319 ut
1245 1260 1387 1336 naufrago
1401 1279 1433 1321 se

282 1351 368 1418 poeta
387 1341 537 1401 adsimilet.
579 1340 700 1399 Tristi.
716 1341 744 1399 6.
761 1353 776 1414 7
797 1338 841 1398 Tu
850 1342 935 1419 sucis
955 1347 988 1398 ut
1005 1343 1123 1417 spolium
1142 1361 1197 1400 non
1209 1344 1271 1412 siin,
1286 1362 1333 1400 nic
1345 1343 1434 1401 nuder

282 1424 317 1481 ab
338 1423 397 1481 illis
417 1421 588 1503 Naufragii
602 1421 711 1480 tabulas
730 1423 783 1497 qui
797 1425 896 1497 peti'ere
914 1424 974 1481 mei'.
996 1423 1031 1481 iv.
1047 1438 1074 1496 5.
1093 1425 1111 1480 6
1129 1422 1312 1494 Quaeritis
1331 1442 1387 1482 non
1406 1443 1434 1481 is

275 1511 378 1580 portus
401 1507 510 1580 aperire
526 1504 624 1580 fideles
645 1501 778 1560 Fulmi'ne
794 1513 942 1578 percussae
965 1507 1177 1583 coffugrirmque
1198 1507 1265 1564 rati.
1286 1524 1312 1564 v.
1333 1523 1432 1580 11.13

285 1585 396 1657 Quassa
409 1594 498 1644 tamen
512 1593 606 1644 nostra
619 1591 665 1656 est,
680 1603 734 1642 non
747 1604 837 1643 mersa
852 1603 899 1642 nic
911 1584 1011 1643 obruta
1018 1589 1129 1661 puppis,
1151 1585 1234 1661 thue
1251 1594 1329 1645 caret
1338 1594 1433 1662 portu,

282 1670 323 1726 si'e
343 1675 433 1725 tamen
453 1675 549 1726 exstat
567 1668 657 1742 aquis.
672 1684 697 1724 v.
713 1685 741 1741 9.
760 1679 794 1740 17
811 1665 1064 1746 Naufragiumque
1082 1687 1169 1726 meum
1188 1669 1293 1727 tumulo
1305 1669 1437 1743 spectarit

283 1750 318 1807 ab
331 1750 396 1820 alto,
411 1748 472 1808 Nec
492 1749 596 1807 dederit
613 1749 698 1806 nanti
708 1759 764 1823 per
773 1750 859 1826 freta
879 1767 963 1805 saeua
982 1767 1104 1807 manum.
1127 1750 1211 1808 Pont.
1226 1750 1243 1808 i.
1262 1769 1287 1808 2.
1303 1752 1338 1807 61
1356 1750 1435 1808 credo

282 1830 391 1888 Mollia
414 1832 582 1909 naufragiis
605 1831 690 1887 litora
708 1839 786 1903 posse
810 1831 884 1887 dari.
907 1831 934 1887 6.
951 1847 998 1905 33,
1020 1831 1046 1888 ii.
1064 1851 1089 1906 3.
1108 1833 1145 1889 28
1163 1829 1203 1889 Iu
1223 1833 1319 1889 mediis
1339 1833 1434 1890 lacera

282 1931 353 1970 naue
366 1912 508 1986 relinquor
517 1913 607 1985 aquis.
621 1911 657 1970 iv.
672 1929 717 1982 14.
731 1929 765 1967 21
779 1910 832 1968 Ad
838 1917 938 1968 ueteres
950 1912 1072 1987 scopulos
1085 1915 1183 1971 iterum
1198 1914 1320 1972 diuertor
1333 1920 1360 1972 et
1368 1914 1404 1971 ill

283 1993 322 2050 In
341 1992 441 2068 quibus
461 1992 574 2069 effendit
590 1994 737 2070 naufraga
750 1995 857 2068 puppis
877 1997 991 2068 aquas?
1030 1991 1069 2051 Et
1083 1993 1141 2053 hoc
1159 1994 1190 2052 in
1205 1994 1284 2054 Iside
1298 1994 1434 2071 frequens

283 2083 336 2146 est,
351 2075 433 2133 cuius
447 2074 477 2132 in
491 2074 580 2132 tutela
594 2091 684 2132 naues
704 2083 803 2145 erant;
826 2073 905 2133 unde
924 2074 955 2132 in
976 2092 1088 2151 pompa
1107 2076 1169 2135 eius
1190 2075 1340 2152 nauigium
1361 2075 1435 2134 fere-

284 2157 375 2226 batur,
388 2165 416 2214 et
430 2154 637 2230 naufragorum
652 2155 768 2212 uotiuae
783 2154 897 2214 tabulae
912 2155 942 2212 in
956 2156 1029 2215 aede
1044 2157 1304 2232 suspendebantur.
1331 2157 1433 2216 luuen.

283 2237 331 2295 xii.
349 2239 386 2294 28
404 2239 522 2312 pictores
534 2239 598 2311 quis
616 2237 702 2294 nescit
716 2235 751 2295 ab
764 2233 841 2294 Iside
857 2239 962 2310 pascit
996 2237 1055 2296 Sed
1069 2248 1098 2296 et
1112 2239 1142 2296 in
1155 2237 1267 2314 hymno
1282 2237 1367 2299 Isidis
1387 2257 1433 2315 ap.

284 2318 450 2377 Kaibelium
471 2321 547 2376 1028
566 2321 657 2376 πλωτὰ
670 2319 698 2374 δὲ
711 2319 848 2392 φιλεὺδιος
861 2318 1015 2392 Ἀμφιτρίτα
1029 2323 1115 2390 Nnvoi
1133 2324 1360 2394 μελαμπρώροισιν
1373 2323 1435 2379 bisai

282 2401 430 2474 παχνώδεος
446 2402 545 2474 αὐχμῶ,
557 2401 644 2456 Ἀνίκα
659 2402 795 2471 μειδάμων,
810 2401 901 2472 ἱλαρὰν
918 2400 1041 2472 ἐρύθοισα
1057 2404 1171 2476 παρειάν,
1185 2402 1339 2473 ’Λμπετάσω
1352 2404 1436 2472 Τηθὺν

283 2485 469 2558 γλαυκώλενον.
503 2479 583 2540 Nam
597 2498 730 2540 serenare
745 2499 782 2539 ex
795 2481 929 2557 procellis
944 2480 1057 2540 caelum
1071 2500 1106 2540 ac
1120 2499 1200 2540 mare
1214 2482 1345 2541 eiusdem
1359 2482 1432 2542 deae

283 2573 353 2623 erat.
395 2563 536 2639 Apuleius
557 2562 599 2621 M.
617 2563 654 2621 xi.
674 2575 689 2636 7
711 2563 747 2622 de
768 2562 843 2620 festo
865 2562 911 2622 die
933 2562 1018 2622 Isidis
1039 2563 1165 2640 loquens
1185 2561 1248 2622 Nec
1270 2583 1347 2622 mora
1371 2583 1432 2622 cum

283 2647 367 2704 noctis
386 2652 466 2703 atrae
474 2647 582 2725 fugato
600 2644 693 2703 nubilo
707 2643 761 2703 Sol
775 2646 896 2720 exurgit
909 2664 1011 2702 aureus
1028 2688 1033 2701 .
1048 2652 1120 2702 ..ut
1129 2657 1231 2721 pecora
1244 2648 1326 2704 etiam
1339 2648 1433 2705 cuius-

283 2727 409 2803 quimodi
418 2734 444 2786 et
455 2734 524 2786 totas
543 2727 638 2784 domus
650 2732 677 2784 et
689 2728 778 2801 ipsum
792 2726 861 2783 diem
874 2727 1056 2805 serenasaeie
1067 2728 1192 2803 gaudere
1205 2730 1332 2786 sentirem
1347 2770 1433 2788 .....

283 2808 446 2884 Magnoque
462 2808 649 2882 procellarum
662 2808 752 2865 sedato
759 2809 886 2886 fragore
899 2827 933 2864 ac
951 2807 1061 2865 turbido
1071 2808 1211 2883 fluctuum
1225 2815 1330 2867 tumore
1347 2811 1434 2884 posi'to

283 2909 361 2948 mare
374 2891 479 2964 quietas
497 2890 617 2946 alluui'es
630 2889 803 2964 temperabat,
817 2889 920 2946 caelum
936 2895 1025 2946 autem
1039 2889 1165 2948 nubilosa
1178 2891 1298 2966 caligine
1310 2891 1432 2962 disiecta,

284 2972 357 3030 nudo
373 2971 490 3044 sudoque
507 2972 624 3028 luminis
640 2972 758 3045 proprii
772 2970 911 3045 splendore
927 2969 1066 3028 candebat.
1109 2971 1199 3043 Quod
1214 2981 1242 3030 et
1257 2973 1353 3048 ipsum
1367 2972 1433 3047 plus

284 3052 376 3112 semel
389 3053 420 3109 in
435 3051 578 3110 Tristibus
593 3061 622 3109 et
636 3049 775 3127 Epistulis
790 3051 918 3110 Ponticis
933 3051 1063 3110 occurrit.
1095 3051 1182 3111 Trist.
1192 3053 1209 3110 i.
1225 3072 1250 3111 e.
1264 3066 1318 3126 107
1330 3052 1434 3114 Fallor

284 3153 324 3192 an
343 3135 481 3208 incipiunt
493 3134 632 3210 grauidae
648 3152 803 3191 euanescere
820 3134 927 3190 nubes?
956 3133 1082 3207 Victaque
1099 3136 1203 3192 mutati
1207 3137 1369 3213 frangitur
1386 3137 1434 3194 ira

284 3217 400 3274 marist
416 3213 505 3272 ·Pont.
520 3214 547 3272 ii.
563 3233 587 3273 1.
602 3234 616 3273 2
621 3216 709 3289 5-28.
739 3214 854 3273 Eodem
868 3214 975 3273 referas
988 3233 1057 3272 arae
1070 3225 1099 3274 et
1106 3222 1209 3290 portus
1223 3215 1433 3292 metaphoram,

284 3314 344 3373 qua
364 3296 480 3371 saepius
500 3313 571 3354 usus
590 3304 641 3354 est.
684 3295 768 3354 Pont.
783 3296 811 3353 ii.
827 3297 854 3353 8.
870 3297 908 3354 68
932 3295 982 3353 Vos
996 3297 1075 3355 eritis
1093 3303 1204 3355 nostrae
1217 3304 1321 3372 portus
1338 3305 1365 3356 et
1379 3317 1434 3357 ara

273 3381 377 3458 fugae.
409 3377 498 3437 Trist.
512 3377 547 3435 iv.
559 3391 586 3450 5.
599 3397 657 3449 1,e
678 3377 764 3435 Vnica
765 3379 901 3455 fortunis
914 3396 969 3436 ara
983 3384 1091 3452 reperta
1106 3380 1180 3436 meis.
1223 3377 1433 3451 Trist.v.6.14

288 3459 366 3530 Quae
374 3461 469 3534 patuit
481 3459 597 3516 dextrae
603 3459 695 3535 firma
704 3461 744 3516 si't
755 3478 809 3517 ara
823 3475 902 3516 meae.
928 3477 953 3518 v.
968 3479 993 3518 e.
1006 3477 1044 3532 43
1059 3478 1172 3517 sacram
1183 3462 1312 3535 quamuis
1327 3463 1435 3519 inui'sus

284 3543 326 3600 ad
335 3559 418 3598 aram
435 3539 616 3616 Cornigerum,
631 3540 725 3597 nullas
738 3539 876 3597 submonet
891 3559 947 3598 ara
963 3559 1071 3598 manus.
1086 3558 1112 3600 v.
1129 3541 1156 3599 6.
1173 3561 1188 3599 2
1207 3541 1268 3612 Qui
1283 3542 1359 3600 milii
1372 3559 1434 3600 con·

272 3625 405 3704 sugium,
419 3624 471 3696 qui'
482 3623 556 3680 mibi
564 3627 663 3697 portus
683 3640 755 3679 eras.
770 3621 806 3679 iv.
823 3639 850 3696 5.
867 3637 884 3694 5
903 3619 962 3692 Qui
973 3623 1079 3680 uiribus
1096 3641 1150 3680 non
1171 3641 1198 3680 es
1212 3630 1312 3698 partus
1325 3626 1436 3699 aperire

278 3705 376 3782 fideles
395 3703 529 3761 Fulmi'ne
547 3713 695 3778 percussae
717 3705 929 3782 corffugi'umque
952 3705 1017 3761 rati.
1061 3702 1139 3762 Cum
1162 3703 1208 3762 his
1229 3709 1435 3780 comparentur

286 3786 373 3862 Apul.
388 3785 430 3844 M.
446 3786 483 3844 xi.
498 3804 535 3844 ro
545 3783 687 3843 Manibus
700 3785 832 3843 ambabus
841 3785 955 3860 gerebat
966 3785 1083 3856 altaria,
1099 3786 1132 3842 id
1139 3792 1186 3855 est,
1196 3788 1322 3856 auxilia,
1337 3787 1436 3861 quibus

285 3887 380 3926 nomen
394 3868 468 3926 dian
471 3868 622 3943 proprium
637 3868 699 3924 deae
711 3869 856 3924 summatis
870 3867 1031 3923 auxiliaris
1040 3867 1225 3941 prouidentia.
1254 3887 1289 3925 re
1308 3867 1390 3938 Quod
1400 3873 1438 3927 tot

285 3969 318 4006 ac
331 3952 418 4008 tanin
431 3949 586 4007 exantlatis
599 3947 749 4020 laboribus,
761 3954 805 4006 tot
820 3949 932 4005 eniensi's
946 3949 1082 4022 periculis
1098 3948 1163 4005 deae
1175 3950 1320 4006 maximae
1333 3951 1436 4024 proui-

285 4032 378 4088 dentia
399 4031 579 4088 adluctantem
600 4029 674 4087 milii
690 4030 848 4087 saeuissime
856 4030 1011 4104 fortunam
1024 4039 1192 4104 superarem.
1240 4045 1275 4105 15
1291 4029 1399 4088 Multis
1412 4036 1438 4087 et
1495 4071 1497 4076 -

286 4113 379 4168 uariis
391 4112 546 4171 exantlatis
564 4111 705 4169 laboribus
721 4112 882 4186 magnisque
890 4112 1032 4189 fortunae
1045 4110 1243 4185 tempestatibus
1256 4118 1283 4169 et
1298 4113 1436 4171 maximis

285 4200 364 4250 actus
376 4194 508 4268 procellis
524 4193 566 4251 ad
575 4199 686 4267 portum
699 4194 797 4267 quietis
816 4199 842 4248 et
858 4210 941 4249 aram
955 4189 1173 4250 Misericordiae
1185 4194 1293 4265 uenisti}
1308 4211 1384 4269 quae
1400 4192 1436 4252 de

317 4339 386 4384 *Au
403 4338 500 4385 uiolatae
519 4337 560 4385 has
578 4338 705 4401 relligiones
723 4338 775 4385 loco
792 4338 854 4386 exilii
871 4338 987 4400 Augustus
1005 4337 1147 4384 declarauit?
1180 4337 1242 4384 Nam
1261 4337 1329 4386 Tomi
1345 4347 1438 4400 propter

285 4404 396 4464 discerpta
412 4404 514 4450 membra
526 4404 619 4464 Absyrti
632 4403 715 4464 (Trist.
728 4404 759 4450 iii.
772 4404 799 4468 9)
811 4418 896 4450 nomen
911 4404 1054 4451 habuerunt:
1073 4413 1098 4450 ut
1110 4404 1159 4463 ipso
1174 4417 1204 4450 ex
1219 4403 1314 4450 nomine
1329 4404 1436 4465 discerpti

285 4469 382 4582 gibbis
399 4468 483 4529 fabula,
501 4470 646 4530 usqueadeo
664 4484 729 4517 suum
748 4469 835 4518 fucinus
854 4470 893 4530 qui
909 4468 967 4518 haec
983 4470 1096 4527 uiolasset,
1113 4469 1199 4518 Ouidio
1217 4478 1436 4530 repraesentaretur.

317 4571 323 4584 .
364 4545 439 4598 ·452·
