3312 5200
723 448 769 508 IN
799 448 895 508 IBIN.
1325 453 1367 508 53

206 617 312 686 captus
327 609 364 666 ab
383 607 461 666 Afris
475 606 568 666 noluit
590 604 692 666 redimi
703 626 711 679 3
739 607 853 682 putauit
871 607 950 666 enim
972 616 1054 683 turpe
1076 623 1141 666 esse
1163 606 1187 665 si
1209 605 1365 667 Romanus

207 693 247 748 ab
269 691 354 748 hoste
376 691 571 748 redimeretur.
622 688 771 764 Palpebris
792 689 927 748 abscissis
952 699 1084 748 mortuus
1102 699 1155 760 est,
1170 688 1251 766 quod
1270 689 1366 765 tangit

206 771 360 831 Horatius
405 770 471 830 Cod.
487 769 650 846 Saluagnc'a‘.
910 831 911 834 Ἴ

254 857 321 924 284.
344 852 406 912 Cui
428 853 512 910 nihil
530 852 663 910 Hercei.
706 851 765 910 Pri·
850 853 916 924 284.
952 851 1100 910 Priamum
1134 851 1226 926 tangit
1261 852 1311 928 qui
1347 869 1364 910 a

175 989 177 994 .
206 940 309 992 amum
329 935 421 1010 tangit
439 953 457 991 a
475 933 578 992 Pirrho
597 951 698 992 coram
715 952 766 992 ara
807 932 918 1008 Pyrrho
941 932 1061 992 Achillis
1086 933 1154 1004 filio,
1181 934 1251 991 dum
1277 951 1364 1009 cape·

207 1015 292 1075 Iouis
306 1016 496 1074 interfectum.
536 1014 573 1074 G.
616 1014 764 1073 Priamum
805 1026 883 1072 retur
904 1013 1004 1086 Troia,
1026 1015 1161 1090 quamuis
1186 1015 1363 1091 complecte-

206 1097 304 1173 tangit
318 1116 336 1156 a
349 1097 451 1158 Pirrho
466 1096 525 1155 filio
541 1095 663 1155 Achillis
677 1098 763 1154 inter·
805 1105 882 1154 retur
914 1113 994 1154 aram
1030 1096 1110 1155 Iouis
1142 1096 1259 1168 Hercei,
1286 1114 1365 1173 quae

209 1178 333 1249 sectum·
351 1180 401 1254 qui
420 1178 491 1236 dum
509 1188 657 1254 caperetur
674 1176 767 1236 Troia
808 1187 869 1236 erat
888 1177 919 1233 in
941 1177 1083 1253 impluuio
1104 1177 1220 1236 aedium
1235 1196 1361 1248 suarum,

208 1259 306 1331 Grais,
323 1260 480 1317 Rhoeteum
498 1277 578 1317 aram
596 1259 677 1318 Iouis
691 1276 767 1334 quae
807 1258 974 1318 interfectus
988 1270 1031 1318 est
1045 1267 1119 1318 teste
1130 1257 1263 1336 Virgilio.
1294 1258 1363 1319 Cod.

207 1352 271 1400 erat
284 1340 392 1400 Troiae
403 1340 664 1416 complectebatur.
708 1339 741 1400 C.
808 1339 971 1416 Saluagnz'z'.

253 1425 321 1494 285.
354 1422 551 1480 Thessalus.
594 1423 687 1480 Ionus
712 1439 764 1480 rex
845 1421 938 1492 Ionus
983 1439 1034 1480 rex
1075 1420 1244 1480 Thessaliae
1286 1421 1362 1481 filius
1454 1473 1456 1476 .

207 1503 379 1564 Thessaliae
396 1504 472 1562 filius
493 1503 589 1568 †Preti
610 1503 684 1562 ultra
699 1520 764 1560 mo·
805 1502 939 1579 †Perpeti
963 1502 1177 1578 Agrimanrini†
1202 1503 1276 1562 ultra
1297 1522 1363 1562 mo·

207 1586 280 1645 dum
303 1596 390 1664 potus
412 1585 486 1643 ultra
507 1583 614 1643 Ossam
635 1594 765 1643 montem
807 1584 877 1641 dum
904 1593 992 1660 potus
1021 1584 1057 1642 de
1086 1583 1163 1643 Ossa
1194 1594 1295 1644 monte
1330 1598 1362 1644 se

206 1668 413 1744 praecipitatus
428 1675 478 1725 est.
522 1664 621 1726 *Vnde
637 1664 763 1724 Gallus:
806 1665 1013 1742 praecipitauit.
1043 1664 1139 1723 *Vnde
1154 1665 1269 1725 Gallus:
1290 1667 1362 1725 Vc'na

214 1749 287 1807 Vina
296 1748 382 1824 probo
400 1750 430 1805 sc'
443 1754 507 1823 pola
527 1749 610 1818 modo,
625 1747 766 1822 debentque
803 1747 887 1822 probo
901 1752 974 1806 κ.τ.λ.
1015 1745 1041 1806 C
1053 1755 1080 1805 cl
1092 1749 1147 1805 cod.
1163 1746 1323 1825 Saluagna'c'.

201 1831 330 1905 probari.
372 1829 413 1888 Se'
429 1849 484 1887 non
500 1836 567 1904 pota
590 1829 673 1901 modo,
696 1833 765 1886 usna
849 1829 940 1887 Ionus
978 1847 1029 1887 rex
1065 1828 1235 1887 Thessaliae
1274 1830 1361 1889 nimis

204 1931 309 1969 uenena
327 1916 404 1987 puto.
447 1910 552 1986 Nempe
575 1911 661 1968 nimis
679 1917 761 1986 potus
801 1910 959 1969 inebriatus
973 1927 1005 1968 se
1020 1910 1056 1969 de
1066 1909 1149 1970 'Ossa
1163 1921 1263 1970 monte
1275 1930 1361 1988 prae-

204 2012 233 2050 sc
261 1993 463 2068 praecipitauit
499 1992 595 2063 Ionns,
642 1991 763 2066 Vinaque
802 1992 941 2066 cipitauit.
956 1990 1080 2050 Ouidius
1092 1993 1125 2050 in
1139 1993 1206 2050 Ibin
1222 2036 1228 2051 .
1244 2036 1251 2051 .
1267 2037 1274 2052 .
1289 1995 1360 2051 item

198 2080 268 2150 pola
282 2077 367 2132 nann's
381 2073 557 2150 causasuere
570 2072 668 2132 neela*
711 2072 751 2132 G.
804 2071 945 2132 *Gallus:
967 2073 1038 2131 Ve'na
1046 2074 1134 2149 probo
1150 2079 1223 2132 κ.τ.λ.
1261 2074 1360 2133 Mure.

249 2159 317 2228 287.
347 2156 414 2214 Aut
447 2155 540 2213 uelut
570 2155 761 2230 Eurylochi.
844 2151 1022 2236 [*Euribous
1045 2153 1196 2233 (Henolus
1219 2154 1263 2234 C)
1293 2157 1360 2215 Ioni

206 2233 395 2296 *Eurilochus
420 2237 486 2295 Ioni
518 2236 657 2312 praedicti
687 2235 762 2294 filius
803 2236 878 2294 filius
892 2235 1062 2311 quiafiliam
1085 2246 1215 2311 stuprare
1234 2238 1362 2297 uoluita

202 2318 294 2376 filiam
305 2337 388 2378 suam
398 2318 489 2376 uoluit
500 2336 694 2394 corrumpere,
704 2335 763 2392 qua
805 2315 1254 2398 serpentibusestconsumptus]
1271 2319 1364 2394 *quod

203 2400 241 2458 de
263 2418 352 2458 causa
372 2418 390 2458 a
406 2399 588 2475 serpentibus
607 2399 763 2458 deuoratus
803 2401 897 2476 tangat
909 2397 1037 2458 Gallus:
1059 2397 1171 2456 Ionzbles
1185 2406 1260 2459 κ.τ.λ.
1296 2399 1364 2460 Cel

203 2490 256 2540 est.
301 2481 398 2541 *Vnde
412 2482 481 2539 τἰἰῑηι
498 2479 622 2540 Gallus:
651 2479 762 2538 Ions‘cln
803 2481 873 2540 Ace.

203 2564 250 2620 uti
270 2565 380 2638 cupiens
395 2572 453 2638 pro
473 2563 587 2639 contage
608 2568 683 2633 nata,
713 2561 760 2621 Vi·
841 2561 975 2621 Ericlous
1009 2561 1056 2621 uel
1087 2561 1242 2622 Eurilocus
1276 2561 1361 2621 Ionis

204 2663 271 2701 num
306 2663 392 2702 causa
415 2646 491 2723 fuit,
526 2644 666 2722 anguibus
700 2663 761 2702 esca
802 2643 877 2704 filius
896 2654 977 2720 patre
997 2661 1067 2703 sene
1086 2644 1277 2721 praecipitato
1294 2663 1359 2721 reg-

204 2726 320 2785 dature
364 2724 402 2786 G.
802 2744 874 2784 num
888 2725 1045 2801 usurpauit.
1062 2726 1112 2801 qui
1126 2726 1214 2784 etiam
1236 2726 1359 2784 nimium

802 2817 889 2884 potus
904 2807 993 2865 filiam
1008 2825 1091 2865 suam
1106 2807 1198 2866 uoluit
1212 2817 1357 2884 stuprare;

803 2889 881 2953 uude
894 2890 931 2946 ab
940 2907 1035 2965 angue
1046 2890 1234 2964 suggestione
1244 2889 1358 2948 Dianae

804 2989 879 3047 quae
899 2980 942 3028 est
958 2971 1013 3028 dea
1027 2971 1183 3047 pudicitiae
1199 2971 1356 3032 deuoratus

804 3062 856 3111 est.
899 3048 997 3110 Mure.

204 3157 324 3226 Regulus
337 3163 432 3226 captus
450 3158 484 3211 ab
496 3157 641 3211 hannibale
655 3157 742 3211 fratre
761 3156 889 3226 Syphacis
906 3172 971 3224 rege
990 3163 1119 3224 cartageh
1138 3155 1235 3210 nolens
1253 3159 1356 3212 redemi

202 3247 219 3283 a
233 3231 365 3283 Romanis
376 3231 475 3282 timens
483 3230 557 3298 quod
570 3231 619 3297 ipsi
632 3229 731 3282 fierent
743 3229 827 3294 magis
839 3227 929 3294 ignaui
942 3228 1077 3296 palpebris
1090 3229 1208 3282 exsectis
1220 3235 1250 3282 et
1260 3230 1357 3282 excisis

202 3307 329 3354 mortuus
341 3307 399 3354 est:
416 3312 441 3354 ct
453 3302 476 3355 C
554 3301 652 3353 Paulus
665 3299 807 3352 Romanus
819 3299 914 3352 consul
926 3299 961 3352 ab
973 3300 1079 3352 anibale
1091 3305 1195 3368 captus,
1209 3300 1243 3352 ab
1256 3302 1356 3354 eodem

202 3373 300 3424 missus
309 3377 352 3424 est
361 3371 478 3424 Romam
489 3377 520 3424 ut
532 3371 697 3438 incapitolio
706 3386 783 3423 suam
797 3377 926 3438 quereret
939 3371 1167 3438 redemptionem.
1186 3372 1233 3439 qui
1243 3373 1357 3424 ueniens

203 3458 312 3495 romam
330 3458 381 3495 nec
398 3442 497 3494 redimi
512 3440 605 3510 (rediri
619 3440 652 3510 C)
667 3442 762 3495 uolens
779 3441 880 3493 dicitur
898 3440 969 3494 hanc
987 3442 1015 3493 in
1033 3441 1163 3510 capitolio
1180 3441 1356 3495 confirmasse

203 3513 379 3578 senteutiam,
391 3513 532 3565 Romanus
545 3518 592 3565 aut
605 3512 698 3565 uincat
711 3513 738 3564 in
752 3511 825 3564 bello
836 3517 884 3564 aut
897 3512 1039 3564 moriatur.
1065 3519 1161 3580 postea
1172 3513 1207 3564 ad
1220 3513 1356 3566 anibalem

202 3589 347 3636 reuertens
374 3583 508 3651 palpebris
536 3583 646 3636 abscisis
679 3583 818 3635 continuis
850 3583 974 3635 creditur
998 3583 1132 3636 interiisse
1162 3583 1268 3649 uigiliis.
1316 3584 1356 3636 sic

202 3654 238 3707 ab
251 3655 340 3706 oratio
352 3655 482 3720 tangitur.
525 3653 584 3707 Non
595 3665 668 3706 extat
680 3657 707 3706 in
721 3655 752 3720 G,
766 3655 808 3706 ubi
820 3664 906 3706 tamen
918 3655 955 3706 ad
968 3654 1086 3721 puniceo
1104 3657 1299 3723 superscrtptum
1317 3666 1356 3707 est

201 3724 355 3778 hannibale.
392 3724 504 3778 Scholion
522 3725 595 3792 quale
612 3727 638 3778 in
653 3726 717 3777 Ask.
735 3735 816 3789 extat,
828 3727 864 3776 sic
875 3725 936 3790 fere
946 3724 1032 3790 fnisse
1049 3726 1076 3777 in
1089 3725 1210 3777 Beruensi
1227 3726 1278 3777 cod.
1294 3739 1355 3789 711,

202 3798 252 3849 nisi
260 3796 329 3863 quod
339 3797 365 3848 in
377 3797 422 3848 hoc
433 3797 544 3849 aberant
557 3796 635 3848 uerba
648 3795 689 3848 M.
702 3795 800 3847 Atilius
812 3795 949 3848 Merkelius
961 3797 987 3848 in
999 3796 1107 3864 epistula
1119 3796 1157 3846 ad
1167 3814 1205 3848 me
1217 3806 1337 3849 testatur.

239 3871 300 3931 284.
319 3867 457 3919 Merkelius
475 3869 576 3934 Proleg.
591 3867 676 3935 Apoll.
689 3867 770 3918 Rhod.
789 3880 815 3932 p.
828 3867 884 3917 xxii
902 3869 967 3919 citat
987 3885 1019 3917 ex
1040 3866 1091 3918 cod.
1114 3866 1192 3918 Rern.
1211 3879 1260 3928 711
1284 3877 1354 3919 tam-

202 3956 280 4006 quam
293 3957 310 3990 a
323 3956 349 3989 sc
360 3948 462 3990 enotata
474 3938 535 3990 haec
547 3937 671 4005 quamuis
683 3937 896 4004 amplecteretur
913 3952 988 3989 aram
1007 3936 1144 3989 rethesam
1161 3951 1232 4003 quae
1250 3942 1309 3989 erat
1326 3938 1354 3990 in

201 4008 274 4060 troia
293 4007 455 4060 interfectus
474 4013 531 4060 est:
557 4008 620 4061 unde
637 4007 721 4060 elicias
741 4007 828 4060 iisdem
840 4008 900 4073 fere
920 4010 999 4060 uersis
1021 4009 1129 4062 scholion
1150 4008 1186 4060 ibi
1213 4019 1354 4077 conceptum

198 4080 281 4144 fuisse
293 4089 367 4145 atque
378 4081 404 4130 in
422 4077 474 4130 cod.
488 4078 632 4148 Saluaguii.

240 4153 300 4212 285.
320 4149 437 4202 Historia
450 4160 563 4217 suspecta
609 4148 754 4202 tessalieG
803 4150 945 4202 motemG
993 4148 1014 4201 si
1027 4147 1231 4217 sumptamodo
1244 4150 1354 4204 CMure

202 4219 230 4270 Si
243 4235 298 4271 non
312 4225 420 4287 sumpta
432 4220 516 4271 modo
529 4221 606 4273 Mure
653 4219 780 4286 Namque
791 4219 871 4271 nimis
883 4221 961 4273 Mure
1008 4219 1108 4272 Monte
1121 4219 1235 4272 nimisC
1277 4221 1354 4274 ionas

202 4291 224 4344 G
234 4301 263 4343 ul
274 4290 345 4359 apud
357 4290 438 4344 Schol.
450 4292 550 4343 Lucani
563 4293 606 4344 VI.
620 4308 669 4354 402
735 4291 838 4343 Versum
851 4291 969 4343 ultimum
982 4309 1030 4343 om.
1043 4291 1120 4343 Mure
1180 4291 1353 4356 agrlmantini

201 4380 250 4414 om.
258 4362 310 4414 cod.
319 4357 391 4414 Salis.
438 4375 568 4429 praeceps
579 4361 658 4413 datus
668 4367 708 4414 est
718 4365 750 4412 ut
763 4361 800 4413 ait
814 4360 906 4413 Gallus
918 4362 970 4413 cod.
979 4361 1050 4414 Sala.
1081 4360 1193 4414 Scholion
1205 4363 1293 4414 iisdem
1293 4367 1354 4428 fere

200 4431 284 4484 uerbis
301 4434 424 4501 scriptum
438 4433 519 4496 sitisse
536 4435 562 4485 in
581 4432 875 4500 cod.Bcrn.711atqne
892 4435 918 4484 in
935 4432 986 4484 cod.
1000 4433 1072 4485 Salu.
1085 4442 1194 4486 testatur
1206 4434 1352 4499 Merkelius,

202 4505 245 4570 qui
257 4503 313 4556 inde
323 4505 435 4557 euocauit
446 4503 515 4554 filius
527 4503 634 4570 perpeti
646 4501 783 4570 agriuta(o
792 4501 856 4570 ilnti
869 4502 896 4555 in
909 4500 989 4555 ultra.

239 4577 298 4636 287.
318 4575 435 4627 Historia
435 4574 535 4642 ficticia
566 4573 734 4627 eurllocusG
769 4574 854 4642 queC
886 4573 930 4624 Ex
942 4574 1351 4636 Bern.711cuolaralMerk‘clius

203 4645 329 4714 euryalus
338 4645 395 4699 ioni
407 4645 476 4698 filius
489 4645 553 4714 quia
565 4645 647 4698 filiam
659 4645 777 4713 stuprari
789 4656 814 4697 et
826 4650 890 4698 exta
902 4645 992 4712 datur,
1006 4655 1088 4699 cetera
1101 4657 1129 4700 ut
1141 4648 1206 4700 Ask.
