3294 5214
289 469 317 528 vi
748 463 995 525 PRAEFATIO.

289 625 502 688 reuiuiscebant
530 621 648 695 litterae,
680 622 757 682 circa
787 636 978 697 1440-1500.
1028 621 1119 681 Italos
1150 631 1227 682 certe
1256 620 1314 681 boc
1345 622 1442 681 studio

290 720 431 781 exarsisse
448 719 566 779 saeculo
587 735 625 776 xv
642 734 704 775 non
728 733 804 774 unus
828 717 909 775 testis
931 725 982 775 est.
1024 715 1113 774 Velut
1141 715 1211 776 Pius
1236 715 1441 788 Bononiensis,

290 814 449 890 discipulus
471 811 597 888 Philippi
622 809 767 880 Beroaldi,
790 811 821 867 in
845 810 958 868 Aunot.
984 808 1094 868 Poster.
1120 828 1184 886 cap.
1212 827 1247 868 ra
1275 810 1442 886 explicatio·

290 928 359 969 nem
380 908 425 968 Ib.
443 921 500 983 295
520 922 610 984 quam
628 905 664 964 de
681 905 826 964 Pausania
845 904 892 962 uel
911 903 1037 964 Crateua
1058 903 1203 981 duplicem
1224 904 1351 981 protulit,
1371 921 1389 963 a
1410 921 1442 962 se
1472 979 1474 982 Ι
1565 894 1571 898 ’

290 1004 355 1080 ipso
380 1003 531 1061 inuentam
555 999 634 1070 dicit,
658 998 711 1058 etsi
736 1006 804 1057 ante
829 1014 897 1055 eum
922 995 1037 1055 Codrus
1061 997 1267 1073 publicauerit3
1296 999 1377 1056 cuius
1402 997 1443 1056 rei

289 1106 394 1157 testem
408 1097 476 1157 citat
490 1093 603 1153 Lucam
616 1092 842 1169 grammaticum
853 1089 1007 1150 Bononiae
1021 1108 1084 1151 non
1098 1092 1282 1151 incelebrem.
1325 1091 1384 1150 Hic
1399 1099 1443 1150 est
1544 1111 1548 1117 ·
1643 1107 1644 1110 ’

290 1190 405 1250 Codrus
429 1187 641 1258 Herberiensis,
667 1203 756 1263 quem
781 1203 849 1246 cum
874 1183 1031 1244 Laurentio
1054 1186 1208 1245 Abstemio
1232 1186 1333 1244 multas
1356 1187 1444 1242 eiusce

290 1287 407 1344 nemoris
423 1285 513 1363 feras
540 1282 681 1352 domuisse,
710 1279 798 1338 multo
822 1281 948 1337 senticeta
972 1279 1118 1337 collncosse
1140 1279 1225 1338 tradit
1253 1278 1442 1338 Constantius

290 1377 432 1438 Fanensis
457 1377 654 1452 Hecatostyos
678 1392 704 1433 c.
725 1372 763 1432 ix.
806 1371 916 1433 Prodiit
940 1369 984 1432 is*
1007 1372 1080 1432 liber
1105 1373 1179 1432 Fani
1203 1389 1282 1432 anno
1307 1370 1441 1444 MDVII,

290 1472 364 1532 inter
391 1471 446 1530 alia
477 1471 560 1529 locos
588 1467 872 1544 Metamorphoseon
900 1476 929 1526 et
960 1466 1051 1526 Ibidis
1079 1477 1213 1527 tractans.
1265 1467 1442 1544 Insequente

289 1582 370 1628 anno
394 1564 473 1625 idem
499 1562 689 1622 Constantius
714 1561 860 1639 peculiare
884 1560 1058 1637 opusculum
1083 1560 1161 1620 aliud
1185 1559 1275 1621 edidit
1299 1559 1381 1633 Fani,
1406 1559 1442 1619 In

289 1657 364 1726 Ibin,
379 1655 479 1740 Ouidii
503 1656 683 1716 Sarritiones.
734 1655 793 1714 Hic
817 1671 892 1731 quos
913 1654 981 1714 dicit
1004 1654 1069 1713 Ibin
1094 1664 1163 1714 ante
1185 1673 1216 1714 se
1241 1654 1442 1731 interpretatos
1506 1643 1508 1647 ’

288 1751 320 1810 hi
343 1761 420 1810 sunt.
469 1741 617 1809 Domitius
638 1748 811 1810 Calderinus
828 1748 1007 1808 Veronensis
1031 1749 1176 1834 integrum
1201 1766 1320 1810 cannen
1341 1748 1441 1807 addito

290 1843 426 1904 Martiale
446 1843 536 1905 edidit
555 1862 623 1903 cum
645 1843 856 1902 commentario
870 1842 1002 1901 Venetiis
1022 1861 1102 1902 anno
1124 1858 1209 1918 1474.
1252 1843 1299 1902 De
1319 1842 1442 1906 Domitii

289 1938 501 1998 commentario
531 1937 670 1997 iudicium
702 1936 770 1996 fecit
801 1936 961 1996 Politianus
993 1936 1115 1996 Miscell.
1145 1937 1181 2010 ix,
1212 1936 1337 1996 edidisse
1366 1954 1442 2013 quae

288 2033 386 2092 bonae
407 2031 498 2108 frugis
519 2039 615 2090 essent
639 2030 689 2089 ubi
714 2048 775 2089 non
801 2029 901 2090 lucum
925 2030 1032 2090 laceret
1055 2040 1084 2089 et
1107 2029 1223 2090 lectoris
1244 2021 1442 2090 credulitatem

288 2124 498 2185 ludificaretur:
531 2124 622 2182 multa
650 2133 748 2182 tamen
776 2125 807 2181 in
836 2142 872 2182 eo
897 2142 975 2182 uana
1002 2124 1180 2203 ridiculeque
1205 2124 1381 2183 confinxisse
1405 2143 1441 2182 ex

288 2227 420 2295 tempore
443 2218 661 2295 commodoque
686 2234 740 2276 suo
755 2213 856 2296 (lxxv).
898 2217 967 2290 Qua
988 2218 1018 2276 in
1039 2237 1070 2278 re
1090 2219 1238 2279 Domitius
1263 2235 1442 2295 quamquam

289 2311 510 2372 excusationem
531 2311 633 2370 habuit
653 2310 684 2369 in
706 2311 825 2370 uetustis
848 2311 965 2371 scholiis
990 2312 1095 2389 quibus
1116 2313 1197 2389 paria
1217 2312 1307 2371 inlata
1330 2311 1442 2370 fuerant

288 2405 453 2478 mendacia,
471 2404 551 2464 dedit
565 2404 733 2481 exemplum
750 2404 831 2482 quod
852 2405 944 2464 secuti
964 2407 1139 2465 recentiores
1153 2406 1219 2465 Ibin
1240 2406 1317 2465 falsis
1339 2405 1442 2464 fabulis

288 2517 350 2558 non
374 2516 441 2559 raro
467 2497 704 2559 dehonestarunt.
757 2498 909 2570 Quantum
937 2499 982 2558 his
1011 2499 1154 2558 dissimilis
1181 2501 1243 2577 ipse
1265 2499 1440 2559 Politianusl

288 2602 431 2671 quantum
451 2592 603 2670 Philippus
622 2591 782 2652 Beroaldus
804 2592 871 2652 luit!
915 2592 1052 2665 Quorum
1073 2593 1120 2653 hle
1141 2595 1172 2652 in
1194 2592 1441 2653 Annotationibus

289 2687 418 2748 Centum
440 2685 514 2745 duos
532 2686 615 2746 locos
632 2704 669 2744 ex
686 2685 769 2746 Ibide
785 2699 841 2761 591
859 2695 887 2746 et
904 2690 962 2763 389
977 2688 1087 2764 optime
1107 2688 1308 2764 interpretatus
1326 2695 1377 2758 est,
1395 2686 1441 2744 ille

288 2780 494 2858 grauissimum
506 2781 647 2840 mendum
662 2780 742 2857 quod
758 2783 817 2855 569
830 2781 987 2857 antiquitus
1001 2782 1145 2840 insederat
1159 2801 1262 2858 agenor
1276 2782 1441 2842 doctissime

288 2893 325 2936 err
348 2873 474 2948 Odyssia
495 2873 669 2933 emendauit.
720 2873 837 2933 Praeter
858 2874 912 2933 hos
934 2885 962 2934 et
978 2875 1063 2933 Pium
1085 2875 1210 2934 citantur
1230 2896 1248 2935 a
1269 2877 1441 2936 Constantio

288 2968 403 3028 Urceus
417 2966 534 3028 Codrus
548 2967 586 3026 ad
596 2965 782 3043 Amyntiaden
794 2980 863 3042 295,
878 2960 1060 3045 Eurydamas
1075 2987 1143 3044 331,
1159 2972 1257 3046 dispar
1269 2971 1359 3028 cultus
1373 2972 1441 3046 346,

288 3062 385 3120 Filius
406 3068 433 3120 ct
456 3060 568 3121 Cereris
594 3078 662 3135 419,
683 3068 710 3118 et
728 3061 828 3120 arbore
851 3068 947 3120 notum
974 3076 1050 3138 503:
1079 3063 1251 3124 Laurentius
1276 3053 1442 3124 Abstemius

289 3153 435 3236 (Lorenzo
463 3152 652 3234 Bevilacqua)
681 3153 899 3226 Maceratensis‚
925 3154 963 3213 ad
990 3155 1122 3232 Nataque
1149 3164 1183 3215 ut
1207 3157 1345 3216 Aeacidae
1373 3170 1442 3234 305,

289 3251 353 3310 dux
371 3249 484 3308 Poenus
502 3249 571 3324 389,
590 3247 722 3306 Inclusus
737 3267 823 3306 cauea
840 3263 908 3324 519,
932 3249 967 3307 Vt
978 3259 1054 3325 puer
1066 3250 1251 3328 Harpagides
1266 3266 1333 3327 545.
1376 3251 1442 3310 Fuit

289 3343 337 3404 hic
351 3341 523 3402 Laurentius
544 3351 627 3418 pater
648 3340 764 3400 Nicolai
786 3341 930 3402 Abstemii
952 3343 999 3402 cui
1022 3342 1193 3404 Sarritiones
1214 3363 1281 3404 suas
1296 3344 1442 3404 Constan-

289 3442 345 3500 tius
369 3439 522 3511 dedicauit‚
545 3440 598 3510 uir,
624 3439 731 3498 eodem
755 3448 827 3498 teste
850 3438 1034 3512 Constantio,
1055 3450 1141 3500 extra
1162 3462 1263 3502 ornnem
1285 3445 1392 3520 ingenti
1410 3463 1443 3502 ac

290 3536 428 3595 doctrinae
442 3533 529 3592 aleam
543 3533 665 3615 positus,¹
677 3531 865 3609 edideratque
879 3535 975 3592 rnnltci
988 3537 1074 3594 annis
1087 3547 1154 3596 ante
1168 3554 1257 3614 quam
1270 3536 1442 3597 Sarritiones

289 3627 320 3686 in
333 3628 429 3687 lucem
444 3627 593 3704 prodirent
606 3627 727 3685 libellum
745 3637 830 3702 prope
846 3628 1005 3686 aureamin
1020 3646 1080 3705 quo
1095 3639 1230 3706 quattuor
1249 3631 1332 3690 locos
1353 3630 1442 3690 Ibidis
1506 3669 1509 3675 ·

290 3721 453 3799 exposuit.†
495 3719 600 3797 Longe
620 3729 720 3779 tamen
738 3720 841 3801 melius
857 3721 921 3798 ipse
936 3720 1128 3782 Constantius
1144 3724 1181 3783 de
1196 3723 1305 3784 Ouidio
1324 3724 1442 3784 meritus

290 3825 334 3875 est
354 3816 385 3874 in
405 3813 552 3892 opusculis
573 3832 649 3891 quae
671 3832 758 3891 supra
778 3815 948 3886 memoraui‚
965 3832 1090 3891 quonam
1111 3817 1278 3893 exemplum
1295 3815 1380 3898 (liber
1399 3828 1443 3878 est

289 3907 391 3988 rarior)
405 3919 522 3985 praesto
536 3908 607 3966 mihi
621 3907 674 3967 tuit
689 3908 897 3968 commodante
912 3907 935 3966 I.
947 3906 1086 3985 Bywater.

331 4000 401 4060 Non
426 4001 499 4078 fugit
522 4003 626 4062 doctos
650 4001 727 4060 circa
749 4001 818 4060 Ibin
842 4001 998 4079 praeprue
1022 4004 1131 4062 uersari
1154 4005 1384 4064 controuersiam
1406 4005 1443 4065 de

289 4093 329 4155 L.
347 4093 467 4154 Caecilii
481 4093 649 4154 annonam·
658 4093 776 4171 Apulni‘
790 4093 981 4154 Grammatici
984 4097 1164 4174 fragmentis
1182 4099 1214 4156 de
1230 4096 1442 4176 Orthograplcia

324 4226 339 4261 ¹*
356 4227 557 4275 Collectaneorum
570 4228 708 4290 Hecatostys
717 4227 795 4277 Prima
806 4229 926 4277 Hadriano
937 4229 1053 4278 cardinali
1065 4230 1148 4279 dicata.
1177 4231 1243 4282 Fani.
1253 4232 1329 4279 Nonis
1340 4232 1443 4294 Septem-

289 4291 366 4338 bribus
388 4291 494 4340 MDVII.
527 4294 663 4354 Insequente
683 4308 745 4340 anuo
762 4295 837 4342 editae
855 4303 909 4342 sunt
926 4296 955 4342 ab
974 4297 1058 4344 eodem
1078 4297 1216 4346 Constantio
1235 4297 1291 4344 Fani
1312 4298 1343 4345 xii
1362 4299 1442 4346 Galen.

291 4357 407 4414 Quintiles
418 4357 526 4404 MDVIII
538 4359 565 4404 In
577 4359 628 4406 Ibin
640 4359 717 4406 Ouidii
731 4360 876 4410 SarritIones.

322 4421 341 4480 †
358 4420 420 4469 Libri
437 4423 483 4470 duo
499 4424 528 4471 de
544 4425 680 4484 quibusdam
697 4425 753 4472 locis
769 4426 875 4482 obscuris,
887 4425 997 4482 Veneriis,
1008 4427 1056 4474 sine
1073 4426 1238 4490 significatione
1254 4429 1316 4478 anni.
1351 4429 1442 4476 Liberl

290 4486 363 4538 editus
380 4496 414 4534 est
430 4489 454 4534 irr
472 4489 563 4536 Gruteri
580 4490 697 4550 Lampade
709 4491 725 4536 i.
738 4505 761 4552 p.
774 4490 829 4553 878.
863 4491 965 4540 Praeiuit
981 4492 1136 4541 bibliothecae
1148 4495 1219 4541 Guidi
1230 4495 1314 4542 Vbaldi
1326 4495 1442 4542 Vrbinatis

290 4551 352 4600 ducis
363 4553 441 4614 ibique
453 4554 637 4602 Grammaticam
648 4555 735 4604 docuit.
