3312 5200
308 430 365 486 142
710 424 1056 488 COMMENTARIVS.

307 589 440 657 Steropes
449 583 602 641 Atlantidis
611 583 676 654 filio,
685 583 764 638 cuius
774 583 876 638 domus
885 583 1001 639 fulmine
1009 584 1086 654 arsit,
1095 585 1170 640 unde
1180 585 1311 641 Ceraunii
1324 587 1403 642 Iouis
1411 595 1464 646 ara'

306 659 335 713 in
347 657 481 728 Olympia
493 657 570 712 dicta
581 667 625 711 est
637 657 720 710 Paus.
729 674 753 710 v.
767 669 807 721 14.
817 667 832 720 7
843 653 981 721 (Alciatus
994 656 1065 724 ic).
1125 661 1194 713 472.
1214 661 1270 721 qui
1282 662 1365 712 mala
1377 664 1461 714 rexit

305 745 402 796 equos
422 729 578 782 Phaethon.
593 727 664 782 Plat.
677 726 749 780 Tim.
764 740 797 780 22
812 725 861 781 Ὠς
876 748 938 780 ποτε
951 727 1056 781 Φαέθων
1067 724 1160 781 Ἠλίου
1178 731 1238 783 παῖς
1251 731 1282 782 τὸ
1298 733 1346 782 τοῦ
1364 733 1462 816 πατρὸς

305 802 373 870 ἅρμα
386 799 476 866 ζεύξας
488 799 530 852 διὰ
542 800 572 853 τὸ
583 797 618 868 μὴ
633 798 739 852 δυνατὸς
756 792 818 850 εἶναι
835 798 899 852 κατὰ
915 797 960 866 τὴν
971 801 1018 850 τοῦ
1029 799 1126 862 πατρὸς
1138 799 1199 851 ὁδὸν
1210 796 1327 853 ἐλαύνειν
1337 802 1371 853 τά
1383 823 1399 855 τ
1418 801 1462 855 ἐπὶ

304 874 352 942 γης
364 869 503 938 ξυνέκαυσε
516 869 556 923 καὶ
568 869 643 924 αὐτὸς
655 867 821 938 κεραυνωθεὶς
833 867 968 938 διεφθάρη.
1032 872 1102 924 473.
1121 873 1268 924 Aeolides
1281 871 1460 926 Salmoneus.

307 943 384 1011 Hyg.
396 942 429 996 61
444 941 612 995 Salmoneus
629 940 716 993 Aeoli
721 939 807 1010 filius
825 939 891 1008 Sisy
910 938 943 994 lei
950 939 1051 1010 frater
1064 957 1128 994 cum
1145 943 1273 994 tonitrua
1291 947 1318 995 et
1325 942 1462 1010 fulmina

305 1016 472 1068 imitaretur
481 1013 568 1080 Iouis,
582 1011 677 1065 sedens
691 1009 861 1081 quadrigam
890 1026 950 1064 aces
962 1011 1090 1064 ardentes
1101 1013 1132 1064 in
1144 1012 1286 1081 populum
1298 1015 1423 1067 mitteret
1434 1019 1464 1067 et

305 1087 388 1152 ciues,
400 1084 433 1137 ob
445 1083 479 1137 id
486 1100 506 1136 a
517 1083 586 1136 Ioue
587 1082 717 1153 fulmine
728 1086 769 1134 est
780 1083 859 1136 r'ctus.
896 1081 968 1136 Aen.
978 1081 1015 1135 vi.
1025 1082 1155 1150 585-594,
1168 1082 1231 1136 Val.
1245 1084 1286 1137 Fl
1297 1082 1314 1137 i.
1325 1084 1462 1153 662-665.

307 1158 460 1220 smssulne
484 1159 580 1208 natus
603 1155 711 1208 eodem
735 1151 847 1206 uidetur
868 1168 931 1206 esse
953 1169 1025 1207 unus
1045 1170 1080 1207 ex
1099 1152 1163 1206 filiis
1184 1153 1332 1222 Lycaonis,
1352 1154 1398 1208 cui
1417 1155 1461 1210 ἐπὶ

305 1230 342 1296 τῷ
355 1226 422 1294 γένει
434 1225 509 1278 olon
521 1225 558 1294 τῷ
570 1223 661 1294 ἄρσενι
672 1222 787 1292 θυγάτηρ
799 1221 901 1291 ἐγένετο
914 1224 1056 1277 Καλλιστώ
1071 1222 1165 1291 (Paos.
1179 1223 1235 1278 viii.
1249 1239 1274 1292 3.
1286 1224 1324 1291 6),
1337 1224 1460 1280 fortasse

307 1296 331 1351 is
350 1295 397 1367 qui
416 1305 484 1350 natu
501 1293 640 1350 maximus
657 1303 725 1360 erat,
740 1293 907 1348 Maenalus:
935 1293 1018 1348 huius
1037 1293 1113 1348 enim
1131 1294 1249 1348 consilio
1263 1296 1406 1364 (Apollod
1421 1295 1460 1351 iii.

307 1369 333 1422 8.
350 1383 371 1436 1,
385 1368 475 1422 Tzetz.
490 1367 557 1434 Lyc.
568 1366 632 1434 481)
654 1366 768 1433 Lycaon
787 1375 814 1418 et
830 1362 878 1417 filii
895 1365 992 1418 Iouem
1008 1370 1117 1418 tentare
1132 1365 1260 1420 uolentes
1275 1367 1462 1421 deuoueret

305 1455 419 1494 cantem
442 1437 598 1490 humanam
621 1453 684 1490 cum
708 1440 798 1490 cetera
821 1451 905 1488 cante
924 1437 1159 1490 commiscuerunt
1176 1437 1260 1506 idom
1280 1438 1311 1490 in
1332 1438 1415 1507 amolo
1435 1440 1464 1490 ei

305 1513 505 1580 apposuerunt.
536 1508 589 1576 qui
593 1511 747 1577 postquam
758 1507 847 1560 sensit
860 1507 955 1560 iratus
972 1523 1097 1560 mensam
1109 1509 1218 1574 mertt’t,
1231 1509 1370 1577 Lycaonis
1377 1509 1460 1577 filios

219 1621 226 1634 .
297 1581 427 1652 fulmine
435 1580 554 1634 rtecauit.
581 1595 611 1631 eo
621 1578 677 1631 loco
684 1580 784 1646 postea
792 1577 885 1631 Arcas
893 1578 1027 1658 oppidum
1037 1579 1307 1647 communiuitqnod
1314 1581 1461 1646 Τραπεζοῦς

307 1653 480 1705 nominatur.
502 1651 578 1718 Hyg.
594 1648 652 1714 176.
690 1647 799 1728 Quibus
812 1665 847 1702 ex
859 1648 953 1701 uerb1s
967 1647 1074 1716 Hygini
1088 1659 1206 1717 apparet
1222 1665 1272 1702 cur
1283 1659 1369 1718 poeta
1381 1667 1460 1704 men-

307 1722 414 1776 tionem
437 1720 570 1775 Callistus
590 1718 730 1774 iniecerrt:
760 1718 877 1773 Callisto
899 1717 975 1773 enim
995 1728 1086 1773 mater
1103 1719 1233 1788 Arcadis,
1252 1719 1299 1789 qui
1321 1721 1460 1790 oppidum

306 1795 485 1862 Trapezunta
497 1790 526 1844 in
535 1798 750 1844 monumentum
759 1788 828 1844 auiti
837 1788 970 1842 facinoris
983 1789 1125 1844 exstruxit.
1153 1789 1227 1844 Vide
1237 1800 1333 1845 tamen
1344 1791 1462 1846 Scholia

306 1873 335 1918 et
348 1879 421 1932 quae
434 1861 472 1915 ibi
485 1859 629 1916 adnotaui.
702 1863 773 1915 474.
790 1863 920 1925 liquidis
932 1863 1344 1926 quassaretArotosaquis.
1383 1863 1460 1932 Hyg.

309 1947 358 2000 177
373 1933 491 1988 Callisto
501 1933 640 1998 Lycaonis
649 1932 718 2001 filzia
737 1947 806 1986 ursa
823 1932 933 1986 dicitur
939 1931 1024 2000 facta
1040 1949 1096 1985 esse
1114 1933 1146 1985 ob
1161 1933 1237 1985 iram
1248 1933 1370 1986 Iunonis
1385 1934 1463 2002 quod

305 2021 369 2060 cum
387 2005 456 2057 Ioue
472 2002 625 2057 concubuit.
661 2003 763 2056 Postea
780 2004 860 2056 Ioues
877 2004 909 2055 in
926 2003 1074 2057 stellamm
1092 2018 1242 2056 numerum
1260 2005 1367 2071 retulit,
1388 2021 1462 2073 quae

306 2075 468 2144 Septentrio
491 2074 663 2142 appellatur,
687 2073 765 2142 quod
787 2074 902 2143 regnum
926 2073 984 2128 loco
1007 2090 1064 2127 non
1088 2079 1220 2128 mouetur
1241 2091 1329 2143 neque
1352 2076 1459 2129 occidit.

310 2144 412 2214 Tethys
434 2145 509 2198 enim
536 2144 640 2198 Oceani
661 2159 738 2198 uxor
759 2146 863 2198 nutn'x
884 2144 1005 2198 Iunonis
1023 2143 1155 2214 prohibet
1176 2162 1237 2197 eam
1262 2147 1293 2198 in
1318 2145 1459 2200 Oceanum

306 2216 434 2270 erodere.
517 2217 587 2280 475,
599 2217 626 2268 6.
649 2213 776 2268 Historia
798 2214 903 2284 ignota,
924 2231 978 2268 nec
999 2216 1118 2269 multum
1140 2224 1257 2284 prosunt
1279 2215 1459 2284 scholiastae,

307 2285 438 2358 quamuis
463 2283 640 2340 Nicandrum
664 2284 857 2353 testificentur,
879 2286 910 2339 fr.
935 2285 985 2339 116
1009 2285 1053 2340 ed.
1076 2287 1111 2339 O.
1134 2284 1297 2340 Schneider.
1346 2288 1410 2340 Hos
1434 2287 1459 2340 si

307 2375 338 2412 se
359 2357 459 2423 uimur,
480 2356 518 2410 ad
540 2354 691 2410 Telchinas
716 2356 789 2410 redit
813 2355 956 2410 narratio:
985 2356 1036 2410 sed
1060 2355 1130 2410 nihil
1152 2356 1188 2410 de
1214 2358 1365 2412 Macelone
1391 2357 1458 2412 dicit

308 2429 349 2483 Lo
371 2427 467 2483 eckius
489 2427 518 2480 in
540 2426 573 2480 iis
593 2443 665 2497 quae
684 2426 721 2480 de
739 2426 922 2482 Telchinibus
944 2427 1056 2496 scripsit
1075 2428 1214 2496 Aglaoph.
1232 2444 1277 2496 pp.
1301 2429 1365 2482 1181
1388 2445 1459 2499 sqq,
1497 2474 1499 2478 .

306 2516 400 2624 pequte
417 2516 435 2554 a
448 2497 568 2552 Scholiis
581 2496 757 2619 probabilpm
767 2497 917 2622 hippprialm
934 2497 1040 2552 elicias.
1078 2500 1124 2552 Ne
1137 2498 1206 2580 illud
1218 2497 1333 2578 quidem
1342 2509 1459 2625 tconstap

318 2588 376 2625 uen
390 2587 425 2624 ne
438 2585 536 2624 uerum
548 2585 653 2623 nornen
666 2585 713 2621 mu
726 2585 789 2622 rens
836 2585 882 2622 ace
894 2586 925 2623 o:
939 2585 1111 2638 quamquam
1124 2585 1200 2623 erum
1213 2585 1253 2622 s1c
1266 2585 1340 2638 scrrp
1354 2586 1402 2623 um
1415 2587 1446 2624 es

307 2641 337 2694 in
350 2642 377 2696 G
390 2643 424 2707 T,
437 2639 522 2695 ceteri
535 2640 652 2693 Macedo
665 2638 806 2707 exhibent,
819 2649 848 2694 et
864 2641 956 2693 iactus
971 2640 1017 2693 uel
1029 2642 1108 2708 ictus,
1122 2657 1179 2693 non
1191 2641 1248 2694 icta
1259 2648 1306 2696 est.
1345 2641 1458 2694 Putanit

308 2714 487 2766 Burmannus
506 2710 543 2764 ad
563 2709 702 2778 Lycaonis
721 2709 837 2780 stirpem
859 2709 945 2764 etiam
967 2710 1157 2766 Macedonem
1175 2711 1368 2765 reuocandum
1386 2729 1459 2779 esse,

307 2793 393 2852 atque
417 2791 460 2837 est
481 2783 639 2835 Macednus
662 2779 736 2834 inter
759 2780 831 2834 filios
854 2780 993 2848 Lycaonis
1018 2798 1088 2851 quos
1116 2791 1244 2835 recenset
1268 2782 1459 2851 Apollodorus

308 2852 380 2907 iii.8.
396 2868 416 2907 1.
455 2852 513 2907 Sed
526 2851 595 2906 nihil
608 2852 644 2906 de
661 2852 715 2905 hoc
735 2868 799 2905 cum
816 2851 935 2920 coniuge
954 2853 1103 2906 combusto
1120 2851 1235 2906 inueni:
1255 2869 1347 2921 neque
1362 2852 1457 2906 Ouidii

307 2924 395 2979 uerba
413 2923 552 2977 illustrant
571 2939 644 2993 quae
657 2922 692 2976 de
711 2921 825 2976 alterius
845 2921 993 2990 Lycaonis,
1011 2921 1086 2993 regis
1106 2923 1265 2991 Emathiae,
1285 2923 1342 2976 filio
1362 2925 1459 2978 Mace·

308 2995 382 3048 done
403 2994 518 3048 tradunt
539 2993 674 3048 Aelianus
698 2994 734 3046 H.
755 2993 788 3046 A.
808 3011 834 3048 x.
847 2993 890 3059 48,
910 2994 1007 3062 Steph.
1029 2995 1061 3048 B.
1080 3011 1102 3048 s.
1112 3011 1137 3047 u.
1150 2991 1281 3058 Ὠρωτοα
1318 2995 1389 3048 Erat
1410 2994 1458 3048 ubi

307 3064 452 3118 crederem
466 3064 612 3132 Orpheum
624 3063 823 3132 significatum.
859 3065 936 3117 Nam
950 3065 1081 3134 Orpheus
1095 3063 1283 3120 Macedoniae
1296 3082 1344 3119 rex
1358 3064 1459 3119 dicitur

307 3151 325 3189 a
347 3135 463 3188 Conone
481 3146 514 3202 45
534 3142 562 3188 et
581 3150 599 3188 a
618 3133 788 3203 quibusdam
805 3134 947 3189 ferebatur
967 3134 1084 3189 fuhnine
1105 3134 1230 3204 periisse.
1269 3137 1350 3189 Paus.
1371 3135 1406 3190 ix.
1424 3151 1459 3203 30

307 3205 369 3258 Εἰσὶ
390 3204 418 3257 δὲ
440 3202 466 3257 οἵ
485 3207 554 3273 φασι
574 3203 753 3273 κεραυνωθέντι
774 3205 824 3259 ὑπὸ
842 3209 889 3258 τοῦ
910 3206 971 3258 θεοῦ
995 3207 1125 3273 συμβῆναι
1148 3207 1195 3273 τὴν
1214 3207 1336 3272 τελευτὴν
1355 3207 1457 3276 Ὀρφεῖ·

307 3273 493 3346 κεραυνωθῆναι
515 3274 543 3327 δέ
564 3274 642 3328 αύτὸν
660 3280 711 3329 τῶν
731 3277 818 3345 λόγων
838 3273 910 3328 ἕνεκα
929 3275 964 3329 ὧν
983 3275 1119 3330 ἐδίδασκεν
1139 3277 1168 3331 ἐν
1186 3278 1240 3332 τοῖς
1257 3276 1408 3346 μυστηρίοις
1428 3277 1458 3330 ού

305 3347 433 3415 πρότερον
453 3344 593 3412 ἀκηκοότας
610 3344 767 3415 ἀνθρώπους.
797 3343 909 3402 Ἀλλοις
923 3346 951 3400 δὲ
967 3346 1151 3417 προειρημένον
1167 3348 1240 3402 ε’στλν
1257 3348 1291 3402 ὣς
1307 3347 1458 3415 προαποθα-

306 3414 402 3480 νούσης
422 3416 446 3468 ol
463 3417 508 3484 τῆς
525 3417 643 3486 γυναικὸς
660 3416 702 3469 e’rri
720 3418 750 3471 τὸ
761 3414 876 3484 Ἀορνον
894 3416 925 3469 δι’
939 3417 1016 3484 αὐτὴν
1033 3419 1063 3471 τὸ
1081 3418 1109 3472 ἐν
1120 3417 1151 3486 τῇ
1164 3417 1329 3485 θεαπρωτίδι
1341 3417 1456 3487 ἄφίκετο.

306 3487 394 3542 Anth.
408 3488 439 3541 P.
452 3486 497 3541 vii.
511 3487 562 3553 617
577 3485 673 3556 θρήῖκα
691 3486 859 3557 χρυσολύρην
876 3486 931 3556 τῇδ’
944 3485 1045 3557 Ὀρφέα
1063 3493 1168 3543 Μοῦσαι
1185 3490 1297 3558 ἔθαψαν,
1307 3486 1359 3542 Ὃν
1371 3490 1459 3542 κτάνεν

305 3557 442 3626 ὑψιμέδων
460 3559 522 3612 Ζεύς
539 3558 666 3627 ψολόεντι
683 3557 765 3624 βέλει,
785 3558 861 3628 quod
882 3559 964 3613 adu.
986 3572 1040 3625 470
1058 3559 1125 3614 citat
1147 3561 1285 3615 Zarottus.
1319 3560 1458 3614 Macedon

306 3645 359 3698 pro
371 3629 422 3682 uir
430 3629 569 3683 Macedon
581 3628 673 3698 potuit
685 3628 726 3683 sic
738 3629 794 3683 dici
807 3639 837 3684 ut
850 3647 868 3683 a
882 3630 997 3684 Lucano
1009 3629 1065 3684 viii.
1078 3630 1131 3699 694
1143 3631 1282 3686 Macedon
1298 3630 1458 3684 Alexander

309 3701 432 3768 Magnus
443 3711 560 3754 uocatus
570 3709 621 3754 est.
648 3699 804 3768 Coniugem
812 3717 877 3754 cum
886 3701 1002 3769 Orpheo
1012 3700 1077 3755 ideo
1088 3701 1177 3770 fingas
1188 3711 1372 3771 peremptam,
1382 3701 1457 3771 quod

307 3771 442 3839 mysteria
458 3787 522 3824 curn
539 3787 574 3825 eo
593 3770 676 3824 simul
691 3769 885 3840 diuulgauerit.
924 3771 1009 3840 Quod
1021 3771 1045 3825 si
1058 3772 1146 3842 uoluit
1158 3783 1251 3842 poeta,
1265 3772 1336 3826 duos
1351 3771 1457 3842 Orphei

306 3841 429 3909 nomine,
438 3840 560 3911 priorem
569 3840 673 3910 Oeagri
684 3841 771 3895 lilium
780 3839 939 3909 Eurydicae
949 3841 1081 3896 maritum
1091 3841 1239 3912 (482,600),
1249 3842 1296 3913 qui
1305 3842 1357 3897 tuit
1365 3842 1457 3912 πολλῷ

305 3913 510 3982 προγενέστερος
526 3914 572 3964 τοῦ
590 3911 701 3980 ὑστέρου
721 3913 862 3980 (Eustath.
880 3913 919 3966 ad
939 3913 971 3967 ll.
991 3925 1051 3983 359,
1070 3914 1105 3968 cl'.
1125 3914 1220 3968 Schol.
1238 3915 1293 3995 Ap.
1312 3915 1346 3968 R.
1366 3913 1382 3968 i.
1403 3913 1458 3981 23),

306 3984 426 4038 alterum
438 3983 513 4036 hunc
528 3982 726 4042 Macedonem,
740 3983 836 4037 finxit:
856 3983 932 4052 quod
945 4000 1014 4038 sane
1026 4000 1084 4037 non
1099 3994 1142 4038 est
1155 3984 1315 4039 uerisimrle.
1354 3983 1458 4038 Melius

307 4054 426 4108 fortasse
439 4052 563 4107 conicias
578 4053 767 4107 Macedonem
778 4070 862 4134 quem
871 4056 966 4123 γηγενῆ
977 4055 1117 4123 Scymnus
1126 4055 1180 4123 630
1189 4056 1312 4126 appellat
1322 4055 1458 4135 additque

307 4123 509 4180 Macedoniam
518 4122 702 4192 rexisse,cum
710 4133 811 4179 cetens
820 4123 1103 4193 Gigantibusbellum
1112 4125 1156 4180 dis
1166 4125 1333 4181 inferentem
1341 4126 1457 4179 fulmine

306 4211 472 4264 percussum
491 4194 595 4248 fuisse:
624 4203 699 4248 certe
719 4194 748 4248 in
770 4195 891 4264 Phlegra
912 4195 1109 4265 Macedoniae,
1129 4213 1202 4267 quae
1223 4206 1324 4267 postea
1343 4197 1457 4251 Pallene

305 4265 366 4332 tuit,
389 4265 527 4333 Gigantas
546 4263 709 4320 fulminatos
731 4266 846 4320 tradunt
867 4266 998 4335 Apollod.
1017 4265 1036 4321 i.
1054 4266 1078 4321 6.
1096 4281 1154 4336 1-3,
1174 4267 1255 4323 Pind
1276 4269 1360 4322 Nem.
1380 4267 1397 4320 i.
1413 4266 1457 4334 67,

307 4337 373 4403 Lyc.
398 4348 455 4404 127,
478 4336 735 4404 1404,1408,Val.
758 4337 798 4391 Fl
823 4335 852 4391 ii.
874 4337 906 4390 16
925 4354 986 4407 sqq.
1023 4341 1144 4403 rapidis
1164 4339 1302 4393 fiammis
1321 4348 1352 4393 ut
1375 4338 1455 4391 Pont

306 4405 341 4460 iv.
353 4406 376 4459 8.
388 4419 422 4474 29
430 4406 599 4476 turaseram
612 4407 724 4476 rapidis
734 4408 882 4462 sollemnia
884 4407 1017 4477 flammis
1029 4410 1087 4465 h.e.
1100 4408 1229 4464 celeriter
1241 4407 1456 4478 corripientibus

305 4485 334 4531 et
356 4474 384 4529 ui
410 4492 461 4530 sua
485 4476 687 4533 haurientibus.
834 4481 903 4533 476.
922 4482 1060 4534 uindiols
1083 4482 1163 4545 tgna.
1215 4482 1295 4534 Pont.
1317 4479 1354 4533 iv.
1376 4480 1399 4533 8.
1424 4490 1457 4547 59

307 4547 448 4618 Gigantas
456 4547 510 4601 Ad
514 4548 605 4618 Styga
617 4548 764 4619 nimbifero
776 4547 922 4604 uindicis
936 4548 1011 4618 igne
1024 4551 1112 4605 datos.
1172 4553 1239 4606 477.
1252 4553 1317 4606 illis
1330 4549 1455 4606 canibus.
