3296 5210
598 419 945 482 COMMENTARIVS.
1291 425 1349 482 1⁵9

191 574 372 647 ε’ρωτὴσοντος
389 576 466 630 αύτόν
482 575 508 630 τί
525 576 576 646 ἄρα
593 576 663 631 δοκεῖ
680 578 710 632 τό
727 577 845 646 διίπνον;
868 599 947 632 ειπειν
965 578 1058 646 φασιν,
1084 583 1107 629 Ω
1124 578 1246 644 βασιλεύ,
1262 579 1347 633 πάντα

190 649 352 703 πολυτελῶς·
370 648 422 702 ἔδει
440 646 468 700 di
486 648 579 702 λοιπὸν
590 649 708 719 κεφαλὴν
720 650 855 716 σατράπου
871 650 939 705 τινὸς
954 647 1164 719 παρατεθεῖσθαι·
1182 646 1348 718 άποῤῥίπτων

190 720 258 788 πρὸς
275 721 320 772 τόν
333 717 511 788 Νικοκρέοντα.
536 720 550 771 ὁ
568 718 596 772 δὲ
613 717 805 788 μνησικακήσας
821 720 884 784 μετὰ
900 720 946 787 τὴν
958 720 1080 780 τελευτὴν
1091 723 1137 772 τοῦ
1149 719 1290 783 βασιλέως,
1303 719 1347 774 ὅτε

191 789 281 843 πλέων
292 789 421 844 ἀκουσίως
437 789 605 860 προσηνέχθη
623 792 653 858 τῇ
673 788 768 862 Κύπρῳ
786 793 800 843 ὁ
815 788 983 861 Ἀνάξαρχος,
1000 791 1144 853 συλλαβών
1160 789 1236 843 αὐτὸν
1250 791 1292 843 καὶ
1310 790 1347 847 είς

191 857 277 927 ὅλμον
288 861 387 926 βαλών,
400 858 520 914 ε’κέλευσε
539 861 655 931 σιδηροῖς
672 861 776 932 ὑπέροις
793 859 945 916 τύπτεσθαι·
963 863 1009 914 τόν
1021 861 1050 914 δὲ
1066 860 1097 914 ού
1110 861 1288 930 φροντίσαντα
1299 863 1347 930 τῆς

191 931 316 998 τιμωρίας
333 930 412 985 εἰπεῖν
430 930 510 985 ἐκεῖνο
528 931 560 998 δὴ
577 933 608 985 τό
626 933 838 1001 περιφιρόμενον,
857 932 962 986 Πτίσσε
982 932 1027 985 τὸν
1045 928 1207 1001 Ἀναξάρχου
1225 930 1346 999 θύλακον,

190 997 355 1071 Ἀνάξαρχον
367 1001 394 1054 δὲ
413 1001 443 1054 ού
460 1000 590 1069 πλίηττεις.
615 1001 784 1058 κελεύσαντος
802 1003 830 1056 δὲ
848 1006 894 1056 τοῦ
907 1002 1092 1072 Νικοκρέοντος
1111 1004 1151 1054 καὶ
1170 1002 1215 1070 τὴν
1227 1003 1347 1071 γλῶτταν

191 1071 272 1124 αὐτοῦ
284 1072 446 1140 ἐκτμηθῆναι,
457 1074 538 1142 λόγος
550 1072 730 1143 ἀποτραγόντα
742 1072 870 1143 ε’μπτύσαι
882 1074 960 1144 αὐτῷ.
996 1073 1057 1127 Val.
1071 1075 1147 1126 Max.
1159 1070 1196 1127 iii.
1207 1087 1232 1141 3.
1243 1088 1260 1139 4
1271 1075 1345 1143 Ext,

193 1141 277 1195 Philo
289 1157 317 1224 p.
328 1143 387 1210 881,
402 1141 461 1198 Cic.
472 1145 555 1197 Tusc.
569 1141 597 1198 ii.
611 1157 653 1197 22.
669 1155 709 1212 52,
723 1144 759 1198 de
773 1145 809 1198 N.
822 1147 859 1198 D.
869 1141 907 1199 iii.
919 1157 961 1212 33.
974 1144 1018 1198 82.
1048 1143 1210 1198 Tertullian.
1223 1144 1345 1213 Apolog.

194 1225 245 1282 532
257 1215 356 1283 Migne
366 1213 560 1268 Anaxarchus
570 1231 634 1268 cum
646 1216 677 1267 i’n
689 1216 809 1269 exi'tinm
817 1217 952 1285 ptisanae
959 1215 1023 1284 pilo
1035 1215 1209 1283 tunderetur,
1220 1214 1346 1284 Tunde‚

192 1284 320 1353 Tunde‚
342 1285 441 1352 aiebat,
460 1284 652 1339 Anaxarchi
677 1284 811 1352 follem,
836 1285 1044 1339 Anaxarchum
1064 1287 1140 1339 eni'm
1161 1301 1218 1338 non
1239 1287 1346 1342 tundis.

192 1353 267 1409 Vide
286 1371 359 1425 quae
377 1355 415 1409 ad
435 1353 520 1424 Diog.
541 1357 570 1410 L.
592 1355 627 1410 ix.
648 1356 680 1424 58
699 1355 842 1424 congessit
862 1355 1021 1425 Menagius.
1059 1356 1181 1408 Nonnus
1201 1355 1239 1409 ad
1260 1357 1345 1425 Greg.

194 1425 302 1479 inuect.
326 1437 356 1494 15
377 1426 414 1479 ab
432 1426 573 1480 Archelao
594 1426 680 1480 tradit
702 1426 857 1481 cruciatum
876 1428 1095 1492 Anaxarchum3
1119 1426 1150 1480 id
1171 1426 1248 1496 quod
1267 1428 1344 1481 nullo

192 1496 281 1549 modo
294 1494 353 1550 fieri
366 1495 457 1565 potuit
471 1496 627 1566 (Bentleius
639 1497 677 1551 ad
691 1498 768 1552 PhaL
783 1514 811 1566 p.
821 1495 878 1567 95).
948 1500 1016 1561 pita
1027 1496 1168 1550 mortario.
1241 1501 1343 1550 minu-

192 1569 258 1620 aris
277 1565 477 1621 comminuaris
497 1567 579 1636 ‘may
593 1583 649 1636 you
667 1567 704 1622 be
722 1569 843 1622 crushed
862 1567 962 1622 small!
999 1569 1030 1621 F.
1045 1566 1071 1621 ii.
1086 1567 1137 1633 647
1151 1567 1246 1637 Ligna
1264 1585 1349 1621 senex

191 1639 307 1705 minuit,
319 1639 481 1706 concisaque
492 1639 632 1692 construit
641 1644 709 1693 arte.
783 1641 853 1694 572.
870 1642 1000 1704 lotaque
1012 1648 1103 1692 tunsa.
1169 1654 1229 1701 pro
1242 1642 1345 1693 solitis

191 1709 339 1772 frugibus
350 1709 418 1762 ioco
426 1708 537 1777 frugum
550 1725 623 1778 quae
635 1707 674 1762 ibi
688 1707 768 1763 tundi
781 1710 882 1764 solent.
987 1712 1056 1774 573,
1068 1710 1098 1763 4.
1117 1709 1202 1777 Quod
1214 1707 1344 1767 uiderant

194 1779 288 1832 Schol.
303 1787 331 1833 et
345 1777 489 1833 Domitius
502 1779 530 1833 in
544 1789 696 1835 comment.
709 1780 747 1834 ad
758 1782 785 1834 h.
794 1781 821 1849 t,
834 1781 968 1850 pleraque
981 1779 1010 1833 in
1023 1779 1078 1833 hoc
1091 1778 1213 1833 disticho
1225 1790 1344 1848 excepto

193 1848 309 1904 nomine
323 1850 491 1904 Psamathes
507 1849 678 1905 conueniunt
691 1850 803 1905 fabulae
822 1867 908 1921 quam
927 1860 1022 1905 narrat
1036 1849 1156 1904 Ouidius
1171 1852 1210 1904 M.
1224 1849 1261 1904 iv.
1278 1865 1345 1918 190-

193 1935 209 1972 2
213 1932 227 1988 5
231 1931 254 1988 5,
270 1919 433 1975 Lactantius
448 1921 562 1975 Narrat.
573 1919 607 1975 iv.
619 1933 642 2008 5,
655 1923 823 1990 Anonymus
837 1939 881 1991 ap.
894 1923 1022 1990 Mythog.
1034 1922 1134 1975 Graec.
1144 1922 1344 1976 Westermann

192 2007 220 2059 p.
235 1990 295 2076 348.
320 1989 424 2076 ῙΗλιος
435 1991 608 2080 Λευκοθόητῇ
631 1992 782 2062 Ορχομένου
796 1990 983 2083 (ΙΙχὉρχάμομ)
996 1994 1099 2062 μιγῆναι
1116 1990 1230 2081 θελήσας
1247 1991 1283 2085 εἷς
1301 1992 1347 2060 τὴν

192 2063 982 2203 tittchritianitatis.mittit
992 2062 1347 2203 ftttttttttttiitf

192 2201 239 2268 τὴν
256 2200 285 2255 δὲ
302 2201 420 2272 ἀδελφὴν
435 2203 514 2270 αὐτῆς
531 2203 567 2257 εἷς
584 2205 651 2257 πόαν
665 2203 833 2271 ἡλιοτρόπιον
847 2203 889 2258 διὰ
907 2205 937 2258 τό
954 2205 1128 2273 κατηγορῆσαι
1145 2203 1228 2268 αύτῆς.
1267 2205 1345 2259 Bene

193 2271 270 2326 enim
292 2271 473 2328 cumuerbis
494 2277 609 2328 condat
628 2280 661 2329 te
682 2277 829 2330 Phoebus
849 2279 885 2328 in
904 2277 970 2328 ima
989 2277 1121 2328 Tartara
1146 2277 1229 2338 quod
1252 2281 1346 2329 natae

192 2345 311 2397 fecerat
328 2347 383 2397 ille
400 2360 477 2398 suae
495 2344 667 2399 conueniunt
688 2347 727 2400 M.
742 2345 776 2399 iv.
791 2357 842 2413 237
855 2346 910 2400 Ille
927 2345 1041 2414 (parens
1060 2343 1248 2412 Leucothoes)
1258 2346 1350 2414 ferax

192 2417 442 2484 inmansuetusque
449 2419 611 2484 precantem
628 2417 656 2469 T
651 2417 847 2485 credentemque
858 2433 962 2469 manus
975 2417 1016 2469 ad
1028 2415 1140 2469 lumina
1156 2415 1224 2468 solis
1239 2421 1266 2468 et
1278 2415 1349 2470 ‘Ille

198 2485 261 2538 Vim
279 2486 349 2539 tulit
366 2487 472 2540 i'ratae'
489 2487 623 2540 dicentem
642 2486 770 2541 defodit
789 2488 857 2541 alta
878 2487 1005 2541 Crudus
1023 2485 1129 2550 hum0,
1149 2486 1347 2554 tumulumque

192 2559 280 2625 super
289 2557 395 2626 graui's
407 2557 488 2610 addit
501 2556 640 2611 harenae:
661 2557 738 2627 quod
750 2567 844 2611 autern
857 2556 886 2610 in
901 2559 1017 2612 Metam.
1032 2572 1089 2609 non
1102 2555 1212 2610 addidit
1226 2556 1346 2611 Ouidius

193 2637 304 2695 patrem
318 2627 494 2682 Leucothoes
513 2626 605 2696 ipsum
622 2627 800 2683 interfectum
816 2627 912 2696 fuisse,
928 2626 957 2681 id
976 2644 1012 2680 ne
1031 2627 1067 2680 de
1087 2627 1212 2695 Crotopo
1230 2627 1346 2696 quidem

193 2695 248 2750 nisi
262 2715 297 2752 ex
309 2699 439 2751 hocloco
454 2698 543 2752 ibidis
556 2708 675 2753 constat.
714 2699 837 2753 Praetuli
850 2708 946 2753 tamen
960 2697 1182 2752 Scholiastarum
1196 2698 1222 2751 G
1235 2707 1263 2751 et
1276 2698 1345 2754 Ask.

193 2767 464 2837 interpretationem,
477 2769 606 2838 quamuis
625 2768 770 2824 haesitans
782 2789 795 2835 ·,
808 2787 872 2823 cum
890 2769 919 2823 in
936 2779 1072 2838 sequente
1089 2767 1211 2821 disticho
1228 2767 1263 2822 de
1278 2769 1346 2822 Cro·

192 2847 262 2908 topo
274 2837 409 2894 transitus
423 2839 471 2894 fiat
484 2840 521 2893 ad
532 2840 701 2907 Coroebum,
711 2842 737 2895 h.
747 2858 771 2895 e.
782 2840 819 2895 ad
832 2840 959 2894 eiusdem
971 2839 1083 2893 fabulae
1097 2839 1215 2893 alteram
1227 2848 1346 2907 partem.

193 2911 264 2964 ota.
285 2915 408 2974 patrem
431 2913 617 2965 Psamathes
643 2913 806 2981 Crotopum,
831 2909 878 2980 qui
903 2910 990 2964 filiam
1015 2910 1197 2977 Psamathen,
1223 2907 1285 2963 Lini
1311 2927 1347 2964 ex

194 2980 311 3034 Phoebo
330 2990 458 3049 matrem,
472 2980 589 3035 interfici
609 2980 697 3036 iussit.
736 2982 818 3036 Paus.
833 2981 849 3036 i.
863 2995 907 3049 43.
920 2994 935 3048 7
948 2978 1007 3034 ’Eri
1020 2981 1162 3051 Κροτώπου
1178 2979 1303 3050 λέγουσιν
1318 2981 1347 3034 ἐν

186 3047 282 3120 Ἀργει
299 3049 487 3108 βασιλεύοντος
501 3051 626 3120 Ψαμάθην
641 3051 688 3120 τὴν
701 3054 840 3122 Κροτώπου
858 3054 939 3105 τεκεῖν
955 3051 1035 3106 παῖδα
1053 3051 1084 3118 ἐξ
1094 3049 1270 3114 Ἀπόλλωνος,
1288 3050 1347 3121 ε’χο-

193 3121 271 3189 μένην
287 3119 315 3174 δὲ
333 3121 449 3191 ἰσχυρῶς
465 3125 512 3175 τοῦ
529 3124 625 3192 πατρὸς
644 3121 743 3191 δείματι
761 3125 806 3177 τὸν
818 3122 898 3176 παῖδα
916 3122 1033 3176 ἐκθεῖναι.
1058 3123 1099 3175 καί
1115 3121 1218 3189 τὸνμὲν
1230 3121 1347 3192 διαφθεί·

192 3212 286 3261 μουσιν
299 3191 465 3261 ε’πιτυχόντες
481 3192 510 3245 ε’κ
526 3194 571 3259 τῆς
588 3193 695 3263 ποίμνης
713 3191 784 3249 κύνες
800 3194 846 3260 τῆς
863 3195 1013 3284 Κροτώπου,
1026 3193 1164 3246 Ἀπόλλων
1179 3191 1206 3244 δι’
1220 3189 1347 3263 Ἀργείοις

193 3262 221 3317 ε’ς
231 3261 279 3329 τὴν
287 3264 366 3316 πόλιν
373 3263 467 3329 πέμπει
480 3262 584 3332 Ποινίγν·
600 3263 694 3332 ταύτην
702 3264 762 3319 τούς
773 3265 867 3319 παῖδας
878 3266 929 3319 απὸ
940 3269 990 3318 τῶν
999 3263 1115 3334 μητέρων
1124 3263 1208 3331 φασίν
1217 3264 1347 3331 ἁρπάζειν,

194 3332 221 3388 ε’ς
233 3331 247 3384 ὃ
260 3334 298 3385 Κό
316 3335 389 3394 οιβος
400 3333 427 3389 ἐς
439 3335 515 3402 χάριν
525 3333 653 3403 Ἀργείοις
665 3333 768 3405 φονεύει
781 3335 827 3403 τὴν
835 3333 932 3402 Ποινήν
941 3333 1012 3404 (575,
1023 3334 1062 3403 6).
1100 3333 1143 3388 Cf.
1156 3334 1242 3388 Anth.
1258 3335 1288 3388 P.
1298 3333 1346 3390 vii.

197 3415 253 3472 154.
293 3354 352 3458 θεά
366 3405 520 3473 Crotopum
532 3403 625 3474 ipsum
638 3415 686 3459 aut
699 3423 733 3460 ex
745 3404 874 3459 immissa
887 3407 984 3460 Poena
996 3415 1044 3458 aut
1061 3403 1117 3458 alio
1134 3421 1190 3473 quo
1207 3404 1346 3474 supplicio

194 3473 312 3543 periisse
330 3490 388 3527 non
407 3474 539 3544 comperi.
581 3476 746 3545 Sepulcrum
765 3476 825 3530 eius
843 3475 928 3544 Argis
946 3475 1017 3529 uidit
1036 3474 1192 3529 Pausanias
1211 3474 1237 3528 ii.
1258 3490 1299 3542 23.
1321 3488 1345 3542 7.

194 3548 230 3598 iu
240 3549 307 3599 ima
317 3548 450 3599 Tartara
462 3563 496 3599 ex
508 3556 604 3600 mente
618 3545 713 3601 Ouidii
727 3546 756 3600 in
771 3546 842 3600 lbin.
918 3549 987 3601 574.
1005 3551 1098 3600 natae
1110 3548 1227 3599 fecerat
1239 3555 1269 3599 ut
1283 3548 1348 3600 uati

194 3616 353 3686 quodfecit
362 3615 475 3670 Achaea
489 3629 547 3686 541.
587 3618 656 3671 Con.
670 3616 716 3671 xix
726 3615 760 3669 ‘H
774 3617 803 3670 δὲ
814 3617 1021 3686 ὑπερπαθήσασα
1033 3617 1185 3685 κατάφωρος
1196 3617 1293 3687 γίνεται
1309 3617 1347 3687 τῷ

194 3687 273 3753 πατρί
296 3687 338 3740 καί
362 3685 475 3752 δικάζει
499 3687 572 3754 αὐτῇ
596 3686 734 3754 θάνατον,
755 3687 944 3754 πεπορνεῦσθαι
969 3687 1009 3739 καὶ
1034 3686 1243 3754 καταψεύδεσθαι
1267 3687 1346 3753 αὐτὴν

194 3754 361 3812 ’Λπόλλωνος
373 3755 472 3825 οῖηθείς.
511 3758 581 3812 Stat.
596 3759 629 3813 T.
642 3758 659 3812 i.
676 3770 726 3827 594
742 3759 872 3812 Occurrit
888 3758 1011 3828 confessa
1024 3759 1127 3827 patri:
1147 3773 1197 3810 nec
1213 3763 1305 3810 motus
1319 3763 1347 3811 et

194 3833 259 3881 atro
274 3828 403 3898 Imperat
421 3826 595 3898 (infandum)
611 3831 767 3900 cupientem
780 3845 923 3883 occurrere
938 3829 999 3882 leto.
1057 3830 1126 3882 575.
1144 3830 1243 3892 pestis
1255 3827 1344 3894 Ποινή.

194 3897 269 3953 Vide
283 3899 377 3952 locum
394 3899 552 3953 Pausaniae
569 3898 686 3954 citatum
702 3900 741 3954 ad
760 3912 818 3969 573.
856 3899 912 3969 Κὴρ
925 3898 1027 3953 dicitur
1038 3898 1124 3952 Anth.
1140 3899 1171 3952 P.
1184 3897 1229 3951 vii.
1247 3909 1304 3966 154.
1319 3912 1345 3965 3.

196 3967 303 4023 Statius
325 3969 366 4022 sic
387 3969 536 4038 descripsit
558 3971 590 4023 T.
610 3969 627 4025 i.
648 3971 699 4039 598
720 3973 769 4026 cui
788 3971 913 4040 uirginis
933 3986 984 4023 ora
1002 3970 1180 4037 Pectoraque,
1199 3974 1345 4021 aeternum

194 4039 316 4094 stridens
337 4056 355 4091 a
379 4042 482 4094 uertice
501 4057 555 4093 sur
573 4043 599 4095 i't
614 4041 657 4094 Et
667 4042 868 4112 ferrugineam
882 4041 1011 4111 frontem
1031 4041 1211 4093 discriminat
1231 4040 1343 4109 anguis.

196 4113 431 4175 Argolicisque:
451 4121 538 4164 notan
560 4128 607 4164 um
620 4129 674 4181 que
685 4122 750 4181 post
762 4111 876 4167 tertium
889 4112 1004 4166 demum
1019 4110 1188 4165 uocabulum
1206 4109 1343 4178 additum,
1435 4147 1436 4150 ο
1461 4101 1464 4108 ’

195 4181 273 4250 quod
284 4196 342 4234 non
355 4197 449 4234 rarum
462 4181 568 4236 Ouidio
580 4182 609 4236 in
623 4181 717 4237 Fastis
730 4182 870 4237 Tristibus
884 4181 1021 4252 Epistulis
1034 4181 1070 4236 de
1084 4182 1193 4234 Ponto:
1213 4190 1240 4235 et
1250 4180 1345 4250 Argo·

194 4251 259 4306 licis
269 4268 321 4321 pro
333 4251 459 4322 Argiuis
476 4253 553 4322 quod
571 4269 671 4308 uereor
688 4263 718 4308 ut
732 4253 863 4308 Latinum
880 4253 924 4308 sit.
962 4255 1008 4307 An
1020 4252 1195 4323 Argoliiin?
1226 4252 1303 4304 Nam
1316 4250 1345 4304 in

196 4331 301 4376 matres
314 4322 465 4391 praecipue
479 4325 576 4378 Poena
588 4323 740 4378 saeuiebat
813 4327 881 4379 oti.
898 4339 996 4388 nepos
1007 4325 1154 4391 Aethrae,
1164 4321 1347 4391 Hippolytus.

195 4395 330 4447 Veneris
346 4396 555 4448 moribundus
573 4398 614 4449 ob
631 4398 713 4449 iram
731 4404 809 4449 recte
827 4394 996 4464 Saluagnius
1015 4392 1135 4463 explicat
1154 4409 1189 4448 ex
1207 4394 1238 4447 F.
1253 4412 1278 4446 v.
1293 4407 1346 4461 309

195 4464 352 4534 Hippolyte
374 4464 484 4534 infelix,
506 4465 592 4519 uelles
611 4467 727 4520 coluisse
744 4466 865 4535 Dibnen,
885 4467 957 4520 Cum
978 4465 1162 4519 comtemati's
1180 4464 1348 4534 diripereris

194 4536 274 4605 equis
286 4545 314 4592 et
324 4534 469 4606 Euripidis
481 4534 645 4606 Hippolyto.
682 4535 770 4606 Hipp.
781 4551 850 4604 1400
861 4543 932 4592 APT.
946 4534 1044 4607 Κύπρις
1054 4536 1105 4608 γὰρ
1118 4534 1133 4604 ἡ
1145 4539 1291 4606 πανοῦργος
1302 4529 1347 4590 hid'
