3296 5210
12 1539 13 1546 ,
92 1531 95 1541 ι

550 1087 975 1237 excursus

220 1412 267 1468 Ad
282 1411 323 1466 lb.
337 1413 386 1469 99.
405 1408 567 1482 Quisquis
586 1411 667 1467 ades
686 1411 802 1481 sacris,
820 1410 978 1481 lugubria
997 1408 1101 1465 dicite
1119 1409 1231 1466 uerba.

221 1483 337 1565 Optime
355 1484 426 1538 haec
445 1481 618 1557 illustrantur
636 1483 670 1538 iis
689 1501 763 1554 quae
782 1483 818 1538 de
833 1481 996 1537 Lindiorum
1011 1480 1099 1535 sacris
1116 1480 1202 1535 tradit
1217 1483 1337 1538 Lactan-

184 1553 240 1610 tius
254 1572 270 1608 ι.
285 1569 316 1607 21
333 1554 401 1608 Non
419 1553 533 1622 εὐφημίᾳ
550 1554 601 1608 sed
615 1555 771 1608 maledictis
788 1561 817 1608 et
832 1555 1019 1608 exsecratione
1036 1552 1218 1621 celebrantur,
1231 1570 1336 1623 eaque

184 1642 244 1695 pro
257 1623 396 1679 uiolatis
409 1625 547 1693 habent,
559 1625 587 1679 si
605 1625 737 1695 quando
750 1624 838 1679 inter
854 1625 1039 1679 sollemnes
1052 1622 1138 1678 ritus
1150 1624 1203 1677 uel
1216 1623 1336 1694 impru-

185 1695 280 1752 denti
293 1695 394 1750 alicui
407 1695 571 1750 exciderit
584 1694 705 1749 bonum
718 1697 865 1751 uerbum.

219 1767 267 1822 Ad
279 1769 350 1823 287.
368 1768 433 1821 Aut
452 1767 543 1821 uelut
561 1765 773 1835 †Eurylochi,
792 1765 847 1836 qui
866 1774 1036 1835 sceptrum
1054 1764 1145 1834 cepit
1163 1764 1205 1820 ab
1224 1763 1292 1835 illo,

406 1835 480 1891 Sint
499 1846 590 1891 artus
609 1837 719 1892 auidis
738 1837 907 1906 anguibus
925 1852 1003 1891 esca
1021 1834 1077 1890 tui.

186 1905 308 1962 Codices
332 1907 502 1962 Eurilocum
525 1909 601 1962 hunc
624 1907 751 1978 plerique
774 1907 931 1975 nominant,
955 1923 1028 1960 unus
1053 1905 1225 1961 Turonensis
1249 1907 1337 1963 habet

190 1979 299 2048 Veneni.
336 1977 489 2049 Εὐρυλόχου
506 1981 554 2033 τοῦ
572 1980 714 2033 θεσσαλοῡ
732 1976 906 2033 mentionem
921 1976 990 2032 fecit
1010 1977 1113 2032 Strabo
1129 1979 1182 2043 418
1201 1977 1248 2032 ubi
1268 1978 1337 2034 dicit

185 2065 251 2102 eum
264 2049 327 2102 κατὰ
339 2049 385 2101 τὸν
394 2051 521 2116 Κρισαῖον
531 2051 648 2118 πόλεμον
659 2048 756 2117 luisse,
766 2049 868 2104 iterum
880 2062 930 2115 421
944 2050 1008 2116 perd
1025 2049 1069 2102 τὸν
1081 2051 1208 2117 Κρισαῖον
1221 2051 1337 2114 πόλεμον

185 2121 210 2171 οἶ
219 2117 405 2188 Ἀμφικτύονες
416 2120 520 2174 ἱππικὸν
529 2121 570 2172 καὶ
580 2121 702 2190 γυμνικὸν
712 2119 819 2202 (ἀγῶνα)
828 2121 870 2173 ἐπ’
880 2119 1033 2190 Εὐρυλόχου
1045 2118 1166 2186 διέταξαν
1178 2119 1338 2188 στεφανίτην

185 2189 227 2242 καὶ
237 2188 322 2243 Πύθια
333 2189 470 2246 ἐκάλεσαν.
489 2190 627 2245 Eiusdem
635 2190 763 2246 meminit
777 2191 873 2246 Schol.
882 2189 962 2244 Pind.
973 2190 1053 2258 Pyth.
1064 2206 1092 2259 p.
1101 2190 1153 2258 298
1161 2190 1278 2245 Boeckh
1288 2190 1336 2245 ubi

185 2259 308 2314 citantur
320 2269 377 2315 tres
391 2260 547 2316 hexametri
561 2261 760 2331 Euphorionis,
774 2261 876 2343 quibus
888 2262 1030 2330 ὁπλότερος
1041 2257 1160 2329 Ἀχιλεὺς
1176 2259 1269 2315 dictus
1284 2271 1335 2316 est.

187 2331 231 2384 lbi
250 2330 410 2386 Meinekius
424 2330 517 2399 (Anal.
530 2333 609 2388 Alex.
623 2349 651 2402 p.
664 2333 710 2402 95)
725 2332 848 2387 ‘Cnsaei
867 2348 953 2401 quum
970 2328 1099 2384 iniustius
1114 2330 1264 2400 uectigalia
1280 2330 1337 2386 exi-

185 2411 284 2470 gerent
303 2402 340 2456 ab
357 2400 400 2470 iis,
413 2402 461 2472 qui
478 2403 622 2472 oraculum
641 2402 793 2457 consulturi
810 2403 939 2472 Delphos
955 2400 1207 2470 proficiscerentur,
1220 2401 1337 2456 tandem

186 2473 364 2540 Eurylochus
388 2472 536 2528 Larisaeus
557 2473 657 2540 extitit,
679 2474 726 2544 qui
751 2490 849 2528 eorum
872 2471 1061 2527 temeritatem
1086 2471 1284 2541 comprimeret
1308 2483 1336 2527 et

185 2542 335 2598 debellatis
350 2543 480 2613 Crisaeis,
496 2545 581 2613 longo
599 2554 727 2615 tempore
746 2543 936 2599 intermissam
954 2541 1119 2611 Pythiorum
1138 2542 1337 2598 solennitatem

186 2612 354 2669 instauraret
374 2615 487 2684 Olymp.
506 2615 589 2670 xlvii!
633 2616 745 2670 Eodem
767 2615 851 2670 refert
870 2612 1004 2683 Polyaeni
1026 2611 1217 2668 narrationem
1237 2613 1274 2668 vi.
1297 2628 1338 2682 13,

185 2684 234 2738 ubi
259 2684 362 2739 dicitur
386 2685 563 2754 Eurylochus
587 2685 843 2755 Amphictyonibus
870 2683 994 2740 suasisse
1020 2693 1051 2738 ut
1079 2700 1183 2753 aquam
1210 2700 1283 2754 quae
1308 2684 1338 2738 in

187 2754 367 2810 Crisaeorum
383 2756 483 2811 urbem
499 2755 628 2811 cuniculo
644 2757 772 2812 influeret
789 2757 933 2811 helleboro
946 2763 1174 2824 corrumperent:
1194 2771 1250 2826 quo
1262 2755 1338 2809 iacto

185 2826 285 2880 urbem
306 2827 425 2896 cepisse.
470 2827 528 2882 Sed
549 2827 595 2882 hic
617 2845 681 2882 cum
704 2828 749 2882 Ol.
771 2827 836 2882 xlvii
861 2824 969 2894 uixerit,
994 2842 1047 2880 nec
1069 2825 1219 2895 quisquam
1243 2825 1338 2880 tradat

186 2897 326 2966 anguibus
339 2907 538 2969 consumptum
550 2898 645 2967 fuisse,
658 2916 715 2952 non
729 2907 822 2968 potest
835 2898 858 2952 is
872 2914 935 2952 esse
948 2897 983 2951 de
996 2913 1053 2967 quo
1065 2895 1135 2950 dixit
1148 2895 1276 2951 Ouidius.
1298 2953 1301 2960 ¹

223 2970 326 3037 Neque
342 2985 410 3023 uero
427 2969 465 3023 ad
477 2969 656 3024 Thessaliam
672 2969 793 3038 pertinet
810 2968 834 3024 is
850 2968 1028 3038 Eurylochus
1045 2965 1092 3036 qui
1107 2967 1235 3035 Cychrea
1253 2966 1338 3021 inter·

185 3038 321 3094 lectorem
341 3039 438 3108 (Diod.
458 3038 494 3094 iv.
509 3052 554 3109 72,
574 3042 663 3095 Tzetz.
683 3040 720 3095 ad
741 3041 865 3110 Lycoph.
887 3038 956 3108 110),
973 3039 1018 3093 vel
1036 3039 1214 3108 expulsorem
1232 3036 1338 3105 (Strab.

186 3108 250 3178 393)
277 3109 408 3164 draconis
434 3110 590 3180 Salaminii,
615 3110 675 3182 ipse
703 3121 767 3182 post
796 3110 901 3181 expulit
929 3119 957 3164 et
984 3109 1014 3162 in
1041 3125 1159 3177 regnum
1185 3107 1338 3163 Salaminis

186 3190 316 3250 receptus
341 3189 392 3236 est.
439 3182 620 3252 Quamquam
643 3181 706 3237 aliis
731 3181 859 3250 testibus,
879 3181 1026 3252 Stephano
1048 3181 1112 3249 Byz.
1135 3196 1157 3234 s.
1171 3197 1196 3233 u.
1216 3179 1338 3249 Σαλαμίς,

187 3252 317 3306 Eustath.
340 3251 379 3306 ad
404 3251 522 3321 Dionys.
546 3252 655 3322 Perieg.
679 3266 742 3322 512,
764 3253 907 3322 Cychreus
932 3251 979 3306 hic
1003 3251 1064 3322 ipse
1088 3259 1204 3322 propter
1227 3267 1338 3305 morum

186 3321 370 3392 asperitatem
387 3319 471 3392 Ὀφις
495 3322 710 3393 cognominatus
735 3324 772 3378 ab
797 3324 959 3392 Eurylocho
986 3323 1083 3392 pulsus
1109 3320 1253 3376 Salamine
1277 3321 1337 3376 fuit.

188 3394 290 3462 Neque
303 3393 457 3449 absurdum
473 3393 520 3463 qui
537 3393 606 3448 talia
621 3394 744 3462 fecisset,
756 3411 822 3450 eurn
838 3393 978 3464 anguibus
995 3393 1162 3448 deuoratum
1178 3391 1338 3450 memorari.

186 3463 261 3518 Vide
274 3463 363 3518 Mein.
374 3465 458 3519 Anal.
471 3465 549 3519 Alex
563 3481 591 3534 p.
606 3477 646 3534 52.

224 3535 359 3604 Superest
371 3544 402 3588 ut
414 3551 508 3589 meam
520 3535 691 3590 sententiam
704 3535 740 3590 de
752 3552 837 3590 uersu
851 3535 961 3589 firmem
978 3532 1159 3603 argumentis.
1198 3535 1275 3588 Nam
1290 3532 1338 3605 qui

187 3605 308 3675 Triopas
325 3615 369 3660 est
383 3605 499 3675 Hygino
513 3608 542 3660 P.
556 3606 591 3660 A.
608 3621 628 3661 1.
646 3621 685 3675 14,
699 3605 723 3660 is
739 3607 826 3660 modo
843 3615 926 3660 natus
940 3603 1036 3674 (Diod.
1051 3604 1086 3658 iv.
1101 3603 1145 3673 58)
1160 3604 1247 3658 modo
1259 3615 1340 3675 pater

188 3676 288 3744 (Hom.
311 3678 348 3730 H.
369 3675 397 3731 ii.
416 3691 477 3744 211,
500 3678 576 3746 Hyg.
597 3679 627 3732 P.
646 3679 681 3732 A.
704 3676 747 3744 14)
766 3675 869 3731 dicitur
890 3675 1069 3744 Phorbantis,
1088 3681 1186 3744 quem·
1194 3675 1299 3728 Rhodii
1321 3692 1340 3730 a

187 3745 337 3802 Thessalia
345 3746 552 3802 arcessiuerunt
562 3757 592 3802 ut
601 3764 708 3818 angues
719 3747 868 3818 perimeret
880 3745 977 3815 (Diod
989 3764 1014 3800 v.
1027 3746 1080 3814 58).
1107 3746 1192 3799 Hunc
1207 3745 1340 3814 Hyginus

186 3827 282 3873 narrat
302 3827 329 3873 et
348 3817 356 3871 i
379 3835 450 3886 sum,
463 3818 535 3873 sicut
549 3818 692 3889 Triopam,
706 3834 723 3873 a
741 3817 883 3873 nonnullis
901 3833 953 3887 pro
966 3816 1118 3887 Ophiucho
1134 3814 1263 3870 habitum
1275 3832 1339 3871 esse

188 3889 231 3958 (P.
245 3889 277 3942 A
292 3887 310 3943 i.
326 3835 378 3956 14)).
414 3889 501 3958 Atqui
520 3890 655 3957 PhorbaS,
670 3889 808 3959 Lapithae
820 3897 849 3943 et
862 3887 1028 3943 Orsinomes
1045 3885 1126 3956 filius,
1139 3903 1228 3956 nepos
1243 3886 1339 3957 Eury·

187 3961 268 4014 nemi
283 3957 334 4014 fuit
355 3958 453 4028 (Diod.
470 3959 505 4014 iv.
518 3958 573 4029 69).
612 3962 712 4032 Itaque
731 3962 911 4029 Eurynomus
929 3975 1000 4013 auus
1020 3955 1198 4025 Phorbantis,
1216 3973 1339 4026 proauus

187 4031 213 4084 T
214 4029 329 4100 riopae:
351 4030 427 4085 unde
444 4047 502 4084 non
518 4030 614 4099 inepte
626 4030 750 4086 conicias
764 4041 811 4085 aut
829 4031 866 4085 ad
881 4031 957 4084 hunc
969 4029 1100 4083 tralatam
1115 4027 1202 4082 fuisse
1213 4026 1340 4082 fabulam

187 4101 225 4156 de
238 4101 386 4171 anguibuS,
399 4110 447 4156 aut
466 4101 559 4171 ipsum
572 4101 707 4173 Triopam
725 4101 824 4172 proaui
842 4099 958 4155 nomine
975 4117 993 4154 a
1008 4099 1150 4153 nonnullis
1165 4099 1338 4168 appellatum

188 4171 282 4227 fuisse.
321 4173 400 4227 Nam
415 4188 473 4227 non
490 4173 607 4227 deerant
623 4172 670 4244 qui
684 4175 879 4242 Eurynomum
896 4171 1004 4226 socium
1020 4171 1145 4224 facerent
1160 4168 1339 4237 Phorbantis,

188 4259 245 4297 non
264 4241 454 4313 propinquum
467 4241 573 4309 (Schol.
586 4245 659 4300 Ven.
673 4245 760 4298 Hom.
774 4244 807 4297 Il.
820 4242 893 4297 xviii.
907 4243 981 4311 483).
1018 4242 1101 4297 Certe
1118 4257 1175 4295 non
1188 4241 1308 4294 multum
1321 4257 1340 4296 a

188 4312 327 4383 scriptura
339 4315 365 4366 T
382 4314 485 4368 trioni
495 4316 549 4368 hoc
561 4330 665 4369 nornen
677 4315 841 4385 Eurynomi
851 4312 946 4370 dista‘t.

210 4384 272 4438 ‘Ad
289 4387 359 4453 20³,
371 4387 400 4440 4.
424 4383 454 4439 Si
473 4402 524 4455 per
542 4385 654 4439 codices
672 4385 764 4454 liceat,
781 4385 854 4440 bene
871 4385 907 4439 de
926 4386 1019 4452 Eryce
1037 4380 1237 4452 interpreteris,
1253 4398 1338 4453 quem

190 4456 330 4510 Hercules
342 4455 398 4526 τρὶς
408 4457 602 4536 περιγενόμενος
617 4457 680 4509 κατὰ
696 4455 743 4524 την
754 4457 840 4523 πάλην
853 4455 994 4526 (Apollod.
1009 4454 1036 4510 ii.
1052 4466 1074 4523 5.
1091 4453 1133 4522 11)
1147 4453 1250 4508 occidit
1263 4462 1291 4508 et
1305 4471 1339 4508 ex

190 4528 247 4581 alto
263 4525 461 4597 praecipitauit
474 4525 573 4594 (Tzetz.
588 4527 625 4581 ad
640 4528 707 4596 Lyc.
721 4526 793 4595 866).
831 4529 869 4581 Et
886 4525 995 4582 uictus
1012 4524 1126 4595 quidem
1143 4523 1277 4595 scriptum
1295 4534 1340 4580 est

189 4595 219 4652 in
231 4599 264 4654 T.
303 4597 362 4655 Sed
379 4614 437 4654 non
455 4599 575 4654 multum
592 4596 726 4670 praesidii
744 4597 863 4655 habebis
879 4615 913 4654 ex
929 4595 1106 4668 scripturaG
1122 4594 1340 4664 ethreclides,
