3312 5200
575 457 923 520 COMMENTARIVS.
1270 463 1325 520 131

172 613 337 682 ἀναιμάκτοις
360 610 438 683 μύσει
463 613 575 684 Στυγνὴν
598 611 711 683 Ἀχαιῶν
734 615 770 670 είς
793 612 891 669 Ἰάονας
913 615 1019 684 βλάβην
1043 617 1172 678 Λεῦσσον,
1196 615 1282 685 φόνον
1305 610 1328 668 τ’

173 686 294 755 ἔμφυλον
305 684 443 756 άγραύλων
455 682 547 751 λύκων,
555 684 637 738 Ὅταν
649 685 731 739 θανὼν
742 684 873 754 λίμαρχος
886 683 976 754 ἱερείας
988 684 1090 755 σκύλαξ
1101 690 1208 752 Πρῶτος
1221 685 1335 757 κελαινῷ

172 758 263 824 βωμὸν
275 757 369 826 αἱμάξη
381 757 477 827 βρότῳ.
530 773 759 821 nunequoque.
786 757 878 812 Strab.
892 757 944 823 264
957 756 1058 812 citatus
1072 774 1089 811 a
1103 756 1329 824 Meursioriyrii
1386 779 1388 784 ·

138 873 140 878 .
172 831 224 881 τῶν
236 830 330 897 Τρώων
342 827 468 882 κατοικίας
481 826 529 894 (ad
543 827 639 896 Sirim)
652 827 787 898 τεκμήριον
798 829 930 881 ποιοῦνται
942 828 972 880 τό
984 830 1029 894 τῆς
1040 825 1149 896 Ἀθηνᾶς
1160 830 1206 896 τῆς
1217 826 1329 884 Ἰλιάδος

173 897 268 964 ξόανον
287 897 421 968 ἱδρυμένον
438 897 535 963 αὐτόθι,
550 897 613 966 ὅπερ
632 902 776 966 καταμύσαι
794 896 949 965 μυθεύουσιν
966 897 1160 964 ἀποσπωμένων
1176 905 1226 952 τῶν
1242 901 1329 954 ἱκετῶν

173 969 224 1023 ὑπὸ
235 968 328 1021 Ἰάνων
343 975 395 1022 τῶν
406 969 517 1022 ἑλόντων
530 969 578 1035 τὴν
591 969 688 1023 πόλιν.
703 1007 710 1022 .
723 1009 729 1023 .
744 968 921 1022 δείκνυσθαι
940 969 972 1022 δὲ
990 969 1038 1022 καὶ
1056 973 1108 1023 νῦν
1126 973 1279 1038 καταμῦον
1296 973 1329 1024 τὸ

173 1039 291 1106 ξόανον.
324 1039 413 1107 ἱταμὸν
424 1039 471 1106 μὲν
484 1037 528 1092 οὗν
541 1041 581 1092 καὶ
595 1039 623 1090 τὸ
637 1036 702 1091 οὕτω
714 1037 840 1108 μυθεύειν,
854 1040 922 1093 ὥστε
938 1039 972 1107 μὴ
990 1044 1134 1110 καταμύσαι
1146 1042 1227 1110 φάναι
1240 1044 1329 1108 μόνον,

173 1110 290 1180 καθάπερ
309 1111 349 1163 καὶ
367 1111 397 1163 τό
415 1110 442 1163 ε’ν
454 1109 523 1182 Ἰλίῳ
539 1109 739 1179 ἀποστραφῆναι
757 1111 818 1163 κατὰ
835 1111 881 1162 τόν
893 1110 1047 1180 Κασάνδρας
1064 1113 1186 1178 βιασμὸν,
1199 1111 1269 1164 ἀλλὰ
1288 1115 1329 1167 καὶ

174 1184 328 1248 sarapion
346 1181 532 1235 δείκνυσθαι.
611 1186 696 1234 taeta
714 1179 862 1247 uelamine,
882 1190 912 1235 ut
932 1180 1071 1249 Minerua,
1090 1199 1155 1236 cum
1174 1182 1202 1235 in
1221 1184 1329 1252 templo

173 1251 235 1305 eius
257 1253 408 1320 Neptunus
435 1251 588 1305 Medusam
611 1250 747 1318 uitiasset,
772 1257 861 1304 castos
886 1253 983 1322 aegide
1008 1253 1107 1306 uultus
1129 1254 1212 1307 Tem't
1232 1256 1272 1308 M.
1293 1253 1329 1310 iv,

174 1323 235 1390 798.
277 1323 365 1375 Torta
377 1323 453 1392 quod
471 1323 558 1376 habet
577 1322 667 1376 codex
680 1321 856 1376 Turonensis
875 1331 923 1376 aut
942 1323 979 1376 ad
995 1340 1127 1376 auersum
1141 1325 1225 1391 (Stat.
1238 1325 1329 1380 Theb.

173 1393 210 1446 xi.
225 1391 288 1460 313)
308 1393 380 1447 deae
401 1394 509 1447 uultum
530 1393 634 1446 referes
656 1392 728 1446 sicut
749 1393 884 1447 traditum
906 1403 949 1447 est
970 1393 1006 1446 de
1026 1393 1154 1447 Palladio
1175 1411 1239 1447 cum
1261 1396 1329 1449 Cas·

174 1464 310 1517 sandram
323 1463 395 1517 Aiax
408 1463 526 1517 uiolaret
540 1464 632 1517 Strab.
644 1463 704 1529 264,
718 1473 774 1531 aut,
785 1464 861 1533 quod
873 1464 1010 1532 praefero,
1024 1465 1061 1518 ad
1074 1464 1175 1518 faciem
1189 1465 1231 1518 ira
1243 1475 1328 1534 atque

174 1534 242 1587 odio
262 1534 419 1602 distortam,
439 1551 495 1604 quo
510 1551 595 1588 sensu
616 1533 715 1587 Cicero
735 1534 790 1588 Off.
807 1533 825 1588 i.
838 1534 881 1601 36.
897 1549 942 1601 131
965 1534 1033 1588 dicit
1052 1537 1151 1589 uultus
1169 1542 1329 1604 mutantur,

173 1623 226 1658 ora
250 1610 424 1674 torquentur.
552 1608 618 1659 381.
645 1607 783 1659 Threicii
808 1605 957 1658 Diomedis
984 1606 1100 1674 Efferus
1125 1605 1252 1659 humana
1279 1609 1333 1675 qui

173 1677 246 1746 dape
254 1677 343 1745 pauit
354 1693 439 1744 equas
453 1677 520 1729 Her.
534 1674 569 1729 ix.
583 1676 626 1731 68.
698 1679 862 1740 praesepia
876 1677 915 1729 M.
929 1675 965 1730 ix.
981 1691 1012 1744 19
1016 1688 1028 1744 5
1045 1677 1124 1746 Quid
1132 1694 1196 1730 cum
1212 1678 1241 1730 T
1236 1677 1331 1731 tracis

174 1763 259 1815 equos
279 1746 405 1800 humano
425 1747 565 1817 sangur'ne
577 1747 701 1816 pingues
718 1747 862 1815 Plenaque
882 1748 1043 1816 corpom'bus
1063 1748 1165 1801 laceris
1182 1750 1330 1819 praesepto

174 1818 265 1870 uuiti?
370 1820 441 1871 382.
459 1821 595 1881 dapibus
614 1819 681 1871 suis
700 1815 764 1870 ‘the
783 1826 860 1870 meat
882 1817 913 1869 of
932 1817 1005 1871 their
1024 1817 1118 1886 body.'
1155 1820 1196 1873 M.
1214 1837 1256 1872 xv.
1281 1831 1328 1886 105

176 1889 384 1958 Corporeasque
400 1889 486 1959 dapes
504 1889 622 1942 auidam
639 1888 770 1941 demersit
786 1889 818 1940 in
836 1888 937 1941 aluum
946 1907 956 1941 .·
982 1887 1070 1957 dapes
1089 1898 1153 1942 sunt
1172 1906 1238 1942 caro
1257 1906 1330 1959 quae
1396 1895 1400 1898 '

175 1957 342 2013 comeditur.
470 1961 540 2014 383.
564 1961 858 2013 Therodamanteos.
907 1959 1103 2012 Therodamas
1128 1976 1145 2013 a
1171 1960 1331 2016 Scholiasta

176 2029 279 2082 dicitur
297 2046 345 2082 rex
364 2028 392 2082 in
413 2028 502 2097 Libya
523 2028 617 2097 fuisse,
637 2028 684 2099 qui
705 2029 835 2082 homines
856 2028 985 2082 leonibus
1007 2029 1159 2085 obiecerit:
1186 2040 1261 2084 certe
1283 2031 1330 2086 uix

106 2091 111 2102 ’
176 2099 248 2154 alius
267 2110 361 2169 potest
378 2117 441 2154 esse
460 2110 545 2170 atque
562 2100 586 2153 is
604 2099 650 2169 qui
668 2117 733 2154 cum
752 2101 839 2153 Atreo
858 2109 886 2154 et
906 2099 1047 2154 Diomede
1066 2110 1212 2224 tamquam
1231 2102 1331 2156 crude-

175 2169 301 2224 lissimus
326 2169 504 2238 coniungitur
529 2171 611 2224 Pont.
633 2169 651 2225 i.
673 2185 699 2225 2.
724 2185 774 2238 119
794 2172 862 2223 Non
883 2170 937 2224 tibi
958 2171 1121 2226 Therome
1152 2189 1193 2225 on
1214 2173 1330 2226 crudus-

175 2259 229 2310 que
250 2241 401 2312 rogabitur
415 2241 525 2294 Atreus
545 2241 655 2310 Quique
674 2242 735 2294 suis
753 2241 878 2294 homines
892 2241 1001 2310 pabula
1012 2242 1085 2312 fecit
1102 2244 1189 2312 equis.
1224 2245 1270 2295 An
1290 2244 1330 2297 le·

175 2311 303 2381 gendum
314 2311 612 2366 Phoenodamonteost
648 2312 742 2365 Schol.
759 2313 824 2380 Lye
838 2324 889 2380 952
905 2311 1009 2365 Kinkel
1028 2313 1186 2380 Φοινοδάμαε
1203 2335 1243 2367 τις
1258 2317 1331 2383 Τρὼς

176 2380 370 2446 συνεβούλευσε
391 2385 445 2437 τοῖς
462 2382 565 2452 Τρωσὶν
583 2382 691 2436 ἐκθεῖναι
709 2381 755 2449 τὴν
771 2381 898 2448 Ἡσιόνην
915 2381 952 2452 τῷ
970 2381 1047 2450 κήτει,
1067 2381 1254 2450 εὐλαβούμενος
1271 2385 1332 2453 περὶ

175 2458 227 2508 τῶν
246 2453 392 2523 θυγατερῶν
410 2453 487 2506 αὐτοῦ
505 2457 556 2506 τῶν
573 2457 650 2521 τριῶν
667 2452 701 2522 μὴ
720 2453 797 2507 αὐτὰς
815 2451 918 2519 ε’κθῶσι,
932 2453 972 2506 καὶ
988 2454 1099 2506 ἔπεισεν·
1119 2455 1133 2505 ό
1152 2454 1180 2506 δὲ
1193 2454 1332 2523 Λαομέδων
1366 2495 1369 2508 .

175 2523 273 2593 μηνίων
284 2527 320 2594 τῷ
333 2523 518 2590 Φοινοδάμαντι
536 2523 614 2576 ἔδωκε
632 2524 678 2578 τὰς
695 2525 764 2593 τρεῖς
781 2524 860 2576 αὐτοῦ
879 2522 1019 2594 θυγατέρας
1038 2522 1148 2591 ναύταις,
1162 2519 1203 2576 ἵνα
1221 2525 1333 2578 ε’κθῶσιν

177 2595 255 2648 αι’ντὰς
266 2593 294 2646 έν
306 2593 409 2662 Σικελίᾳ
425 2594 523 2664 θηρίοις
538 2595 630 2664 βορόν.
654 2594 696 2647 καὶ
714 2592 807 2647 τούτου
824 2594 961 2663 γενομένου
979 2595 1043 2648 κατὰ
1060 2595 1163 2663 γνωμὴν
1175 2591 1332 2664 Ἀφροδίτης

177 2664 324 2730 ἐσώθησαν.
349 2665 383 2718 ὧν
396 2663 427 2732 τῇ
438 2667 483 2734 μιᾷ
499 2665 626 2720 είκασθεὶς
643 2666 697 2718 noui
713 2667 726 2717 ὁ
742 2665 890 2732 Κρίμισσος
903 2666 1017 2731 ποταμός
1034 2665 1170 2732 συνῆλθεν·
1191 2663 1205 2732 ἡ
1222 2665 1250 2718 δὲ
1262 2666 1333 2718 ἔτεκε

176 2737 223 2789 τὸν
235 2735 372 2804 Αἱγέστην,
385 2733 413 2789 ic
425 2736 510 2790 ἔκτισε
522 2737 590 2805 τρεῖς
601 2737 691 2790 πόλεις
703 2735 731 2788 ἐν
741 2734 850 2803 Σικελίᾳ,
861 2735 906 2803 τὴν
917 2733 963 2802 ἀφ’
974 2736 1065 2789 ἑαυτοῦ
1078 2733 1332 2805 Αἱγέσταν,”Ερυκα,

178 2805 307 2859 Στόλλαν·
324 2806 401 2876 ἔγημε
423 2806 451 2858 δὲ
471 2805 545 2861 οὗτος
566 2805 693 2860 arillae.
738 2806 877 2860 Phoenoa'.
900 2807 990 2859 leones
1010 2806 1134 2875 intellige
1159 2823 1209 2861 eos
1229 2806 1332 2888 quibus

179 2876 397 2930 Phoenodamas
424 2887 481 2930 tres
508 2877 579 2931 filias
604 2877 633 2930 in
654 2876 750 2931 Sicilia
771 2876 917 2946 exposuit:
946 2881 1001 2941 qui
1026 2877 1194 2946 generaliter
1216 2878 1332 2948 dictum,

178 2965 235 3018 quo
248 2947 388 3002 difficilius
402 2947 533 3016 aenigma
546 2957 628 3003 esset.
667 2948 715 3002 Sic
730 2950 807 3001 Men.
821 2947 847 3002 ii.
862 2963 887 3002 2.
901 2961 935 3014 74
953 2948 1101 3002 Videamus
1112 2949 1165 3018 qui
1176 2947 1243 3002 irim
1255 2966 1332 3020 egre-

177 3020 262 3072 ditur
278 3018 314 3072 de
334 3017 433 3072 Erotio
451 3019 623 3086 muliercula,
644 3021 716 3073 Hec.
733 3018 767 3072 iv.
782 3033 835 3086 3.2
854 3019 936 3087 onr,
948 3021 1027 3073 Istuc
1044 3025 1085 3072 est
1101 3023 1198 3089 sapere
1215 3021 1268 3089 qui
1284 3021 1335 3075 ubi
1407 3025 1412 3030 '

177 3105 296 3158 eumque
314 3092 384 3158 opus
401 3091 440 3143 sit
460 3091 589 3142 animum
606 3091 699 3159 possis
710 3089 832 3159 flectere,
854 3088 902 3142 ubi
925 3100 1020 3144 tamen
1044 3092 1175 3144 Donatus
1195 3089 1258 3160 ‘qui
1280 3108 1332 3160 pro

178 3161 268 3230 quae'
305 3160 442 3228 (Wagner
460 3160 497 3214 ad
515 3161 568 3214 loc.
589 3161 690 3214 Holtze
709 3161 787 3228 Synt.
808 3159 824 3214 i.
847 3177 892 3230 pp.
907 3173 967 3228 377,
988 3159 1059 3228 378.)
1101 3162 1184 3230 Prop.
1204 3160 1221 3215 i.
1239 3174 1278 3230 ι5.
1297 3177 1332 3229 34

178 3231 280 3284 Dicere
292 3247 356 3301 quo
363 3234 464 3301 pereas
475 3235 555 3300 saepe
567 3232 598 3284 in
610 3248 705 3284 amore
716 3232 795 3284 leuat
807 3229 855 3284 ‘os
867 3230 1012 3286 indefinite
1025 3232 1148 3299 gender.'
1180 3233 1332 3300 Postgatus

178 3301 216 3355 ad
228 3301 299 3355 loc*
401 3305 470 3356 384.
489 3305 669 3356 Thoanteae
688 3302 784 3355 Thoas
803 3318 852 3354 rex
870 3311 960 3356 terrae
979 3301 1117 3356 Tauricae
1135 3319 1256 3370 quorum
1267 3304 1336 3373 suit

178 3373 343 3425 institutum
359 3377 393 3427 ut
403 3374 456 3442 qui
466 3373 620 3442 e'nterfines
631 3389 727 3426 eorum
739 3371 836 3441 hospes
851 3374 971 3426 uenesset
986 3373 1089 3442 templo
1104 3374 1219 3427 Dianae
1236 3375 1333 3426 immo·

178 3443 294 3498 leretur
308 3444 551 3511 Hyg.120,unde
570 3460 614 3512 ap.
634 3445 700 3497 Eur.
723 3445 744 3496 l.
765 3445 797 3496 T.
811 3444 845 3510 38
866 3443 1016 3512 Iphigenia
1034 3443 1167 3497 sacerdos
1186 3443 1254 3498 dicit
1274 3443 1333 3496 θύω

177 3514 238 3584 γάρ,
257 3511 330 3568 όντος
346 3515 393 3566 τοῦ
411 3515 490 3583 νόμου
509 3515 551 3566 καὶ
568 3516 629 3582 πρὶν
646 3515 730 3579 πολει,
741 3509 792 3568 Ὃς
808 3513 840 3567 δν
857 3512 968 3580 κατέλθῃ
986 3513 1060 3581 τήνδε
1076 3515 1124 3584 γῆν
1139 3511 1243 3581 Ἕλλην
1261 3513 1334 3584 ἀνήρ.

178 3587 250 3638 385.
268 3587 403 3638 aduersa
420 3585 473 3638 Od.
493 3584 538 3639 xii.
557 3597 608 3652 235
620 3580 717 3638 ’Ἔνθεν
737 3584 788 3652 γὰρ
805 3581 915 3651 Σκύλλη,
936 3582 1061 3650 ἑτέρωθι
1081 3584 1108 3636 δὲ
1130 3583 1172 3636 δῖα
1193 3585 1334 3654 Χάρυβδις.

178 3657 249 3709 386.
267 3658 433 3709 Dulichiae
445 3655 542 3722 Vlixis,
553 3655 597 3709 cui
610 3655 702 3724 patria
713 3653 884 3722 Dulichium,
894 3654 970 3708 unde
982 3653 1136 3709 Dulichius
1144 3654 1207 3708 dux
1217 3665 1334 3708 uocatur

179 3726 262 3779 Rem.
276 3739 335 3792 ²7²·
373 3730 508 3790 pauidos
525 3727 578 3780 Od.
592 3725 637 3780 xii.
652 3741 703 3793 243
721 3725 780 3779 τοὺς
792 3724 820 3777 δὲ
832 3726 936 3795 χλωρὸν
948 3724 1006 3779 δέος
1017 3722 1081 3793 ᾕρει.
1118 3728 1262 3789 eripuere
1278 3725 1333 3779 Od.

178 3795 225 3851 xii.
245 3808 295 3864 245
315 3798 407 3866 Τόφρα
425 3797 454 3850 δέ
471 3819 514 3865 μοι
533 3795 634 3863 Σκύλλη
655 3797 742 3863 κοίλης
760 3795 789 3847 έκ
810 3797 868 3862 νηὸς
888 3796 1004 3864 ἑταίρους
1018 3794 1069 3862 Ἐξ
1089 3793 1166 3849 ἕλεθ’.
1265 3799 1334 3851 387.

179 3869 393 3932 Polyphemus
414 3871 449 3922 in
470 3871 579 3922 aluum
601 3867 655 3921 Od.
675 3866 709 3920 ix.
730 3866 782 3934 296
807 3864 925 3934 Κύκλωψ
946 3866 1063 3935 μεγάλην
1083 3863 1237 3935 ἐμπλήσατο
1259 3865 1336 3931 νηδὺν

178 3934 322 4006 Ἀυδρόμεα
341 3936 395 4007 κρέ’
413 3939 486 3992 ἔδων.
582 3941 652 3993 388.
677 3940 928 4003 Laestrygonias.
974 3939 1072 3992 Unum
1090 3953 1125 3991 ex
1143 3935 1227 3990 sociis
1246 3935 1336 3990 Vlixis

179 4007 351 4076 Antiphates
375 4009 598 4078 Laestrygonum
622 4025 671 4063 rex
692 4007 847 4076 deuorauit,
867 4008 938 4062 alios
963 4008 1084 4077 populus
1110 4008 1334 4075 Laestrygonum

181 4077 292 4133 iniectis
312 4079 454 4148 lapidibus
474 4079 578 4134 occidit
597 4078 783 4148 comeditque.
822 4079 876 4133 Od.
895 4098 921 4134 x.
944 4093 993 4145 1²4
1011 4077 1097 4147 Ἰχθῦς
1114 4075 1137 4130 δ’
1155 4077 1189 4130 ὣς
1206 4077 1337 4145 πείροντες

180 4148 292 4218 ἀτερπέα
302 4151 375 4203 δαῖτα
385 4151 507 4219 φέροντο.
544 4153 614 4204 389.
622 4153 688 4204 dux
697 4153 831 4203 Poenus.
849 4151 911 4204 Val.
924 4152 1000 4204 Max.
1009 4147 1044 4205 ix.
1053 4149 1079 4202 6.
1088 4164 1103 4201 2
1115 4151 1177 4202 Ext.
1187 4147 1340 4203 Hannibal

180 4220 394 4276 Acerranorum
410 4227 539 4276 senatum
554 4227 636 4276 extra
653 4222 764 4275 moenia
781 4227 926 4275 euocatum
944 4222 977 4274 in
990 4219 1169 4290 praefandum
1182 4221 1337 4290 puteorum

214 4385 229 4419 ’ί
246 4383 362 4431 Conuenit
377 4383 431 4432 huic
445 4385 570 4432 sententiae
587 4384 648 4446 quod
665 4383 693 4430 ad
705 4385 773 4432 Pont.
786 4382 801 4432 i.
815 4396 836 4431 a.
851 4395 897 4445 119
914 4382 1054 4443 adscriptum
1070 4390 1105 4430 est
1122 4382 1145 4429 in
1161 4383 1213 4430 cod.
1226 4383 1337 4435 Canonic.

181 4449 235 4497 Lat.
245 4450 264 4496 l.
275 4451 408 4498 temnodoon
424 4450 451 4512 (l.
471 4449 639 4512 Theromedon)
655 4449 750 4513 quidam
762 4449 867 4497 tirannus
877 4449 928 4508 fuit
944 4449 972 4494 in
989 4448 1088 4496 Sicilia
1105 4451 1144 4510 qm¹
1161 4447 1262 4497 homines
1278 4450 1339 4498 dila·

181 4516 275 4563 ceraiat
295 4525 317 4562 ιι
338 4515 445 4564 humanis
467 4517 574 4564 carnibus
597 4516 737 4563 noscebatur.
771 4515 834 4562 Nam
851 4514 1061 4563 Phoenodamantis
1077 4514 1138 4562 filiae
1155 4515 1179 4562 in
1196 4515 1269 4564 Sicilia
1287 4515 1339 4562 seris

182 4582 300 4642 expositae
313 4589 373 4628 sunt.

734 4665 786 4704 Ka
