3312 5200
292 445 333 504 at
779 437 960 500 SCHOLIA

337 609 405 673 477.
446 595 644 674 Praedaque
686 597 733 655 sis
772 595 850 655 illis.
935 595 1044 656 Rasus
1062 594 1114 655 brit
1131 595 1206 655 filius
1221 594 1289 654 Anii
1308 595 1449 658 sacerdo-

293 679 406 740 Trasus
427 678 502 738 filius
523 678 590 738 Anii
615 676 772 738 sacerdotis
793 677 850 736 La·
890 677 928 740 tis
945 677 1065 749 Phoebi,
1086 677 1124 737 ad
1140 696 1229 755 quem
1246 696 1316 736 cum
1334 679 1450 738 ueniret

294 771 391 833 torrae,
413 760 484 820 dum
504 760 557 818 iret
578 759 737 820 accendere
757 759 849 818 lucer·
891 760 985 818 Anius
1003 761 1153 836 presbyter
1167 768 1265 830 noctu,
1279 761 1417 818 inuentus
1433 779 1451 818 a

294 861 363 904 nam
378 843 408 900 in
423 841 533 918 templo
548 852 615 901 ante
634 841 720 909 diem¹
738 859 755 900 a
773 840 852 900 cani·
892 841 1012 901 canibus
1034 841 1071 899 ab
1092 841 1134 900 eis
1155 840 1328 900 dilaceratus
1347 853 1400 912 est,
1418 853 1450 900 ut

293 925 350 983 bus
364 923 521 983 deuoratus
535 933 587 996 est,
605 923 683 982 unde
697 932 770 982 teste
785 921 851 982 Cal·
892 923 932 981 ait
956 922 1141 994 Callimacus.
1184 921 1219 981 C.
1272 922 1376 983 uelut
1402 923 1450 982 alii

294 1005 402 1064 limaco
424 1022 486 1062 non
508 1003 624 1064 suerunt
644 1021 733 1064 canes
751 1005 781 1063 in
802 1002 851 1062 illo
892 1004 1010 1063 dicunt:
1037 1003 1157 1075 Trasus,
1172 1022 1241 1062 cum
1255 1014 1365 1079 peteret
1376 1014 1450 1064 tem-

294 1085 413 1162 temple.
458 1084 495 1145 G.
893 1086 974 1162 plum
988 1084 1104 1144 Dianae
1118 1085 1199 1162 quod
1219 1085 1371 1144 acanibus
1386 1105 1451 1145 cus-

337 1166 481 1226 Sacerdos
500 1166 646 1244 Apollinis
664 1166 742 1225 Delii
756 1165 851 1224 Anius
893 1167 1065 1238 todiebatur,
1077 1167 1215 1244 quoniam
1230 1161 1319 1246 [ipsa]
1334 1176 1378 1225 est
1393 1168 1451 1227 dea

295 1248 357 1310 fuit.
407 1248 446 1308 ad
467 1267 556 1326 quern
578 1267 645 1307 cum
666 1249 795 1307 uenisset
814 1247 851 1307 de
892 1248 1056 1308 uenationis
1081 1258 1110 1306 et
1137 1266 1252 1320 canum,
1278 1249 1451 1308 dilaceratus

295 1339 383 1390 nocte
398 1329 472 1389 filius
487 1331 549 1389 eius
564 1329 675 1388 Trasus
695 1349 712 1388 a
731 1330 853 1388 canibus
894 1339 937 1388 est
951 1330 989 1388 ab
1003 1329 1073 1404 ipsis
1087 1330 1218 1388 canibus.
1259 1347 1296 1387 ex
1310 1331 1359 1389 illo
1374 1341 1449 1389 tem·

294 1412 420 1472 laniatus
438 1421 489 1470 est
535 1410 612 1470 unde
631 1410 739 1472 Delum
757 1410 852 1469 nullus
893 1428 965 1488 pore
984 1411 1076 1469 Delos
1091 1429 1180 1469 canes
1202 1428 1263 1469 non
1280 1410 1377 1470 habet.
1423 1410 1453 1471 C

294 1495 376 1553 canis
395 1493 508 1552 accedit
527 1502 644 1553 auctore
659 1491 851 1552 Callimacho.
891 1493 1051 1569 similiaque
1063 1492 1133 1550 aaa.

294 1574 336 1646 P,
349 1582 376 1634 et
386 1575 441 1634 cad.
453 1572 611 1653 Sataagmt·
621 1593 681 1633 cum
695 1573 734 1633 ed.
750 1573 851 1633 Paro.

297 1671 386 1733 ι573·

338 1753 407 1813 479.
428 1737 665 1815 speculantem
685 1738 779 1797 labra
796 1736 853 1795 Di-
935 1736 1104 1815 Descriptio
1131 1747 1175 1797 est
1201 1737 1361 1797 Actaeonis
1389 1739 1451 1814 qui,

295 1836 389 1879 anae.
434 1820 587 1880 Actaeona
601 1819 701 1895 tangit.
747 1817 783 1878 G.
894 1837 962 1879 curn
990 1820 1100 1879 uideret
1127 1818 1257 1878 Dianam
1283 1839 1358 1896 quae
1389 1820 1449 1879 bal-

894 1902 1001 1960 neabat
1026 1919 1056 1960 se
1081 1901 1229 1973 nudatam,
1253 1911 1380 1961 mutatus
1405 1911 1451 1962 est

894 1983 925 2040 in
950 2001 1077 2054 ceruum,
1092 1992 1121 2041 et
1142 2001 1160 2041 a
1181 1984 1305 2059 propriis
1326 1983 1450 2042 canibus

895 2063 1065 2122 dilaceratus
1085 2063 1146 2123 fuit.
1187 2065 1283 2122 labra
1304 2063 1450 2136 inferiora,

895 2163 918 2205 s.
933 2145 1051 2204 uuluam
1066 2145 1215 2205 labratam.
1260 2145 1292 2205 C.

339 2230 407 2300 480.
438 2226 576 2304 Quique
605 2225 852 2303 Crotopiaden.
936 2226 1055 2303 Apollo,
1066 2228 1145 2286 uicto
1159 2227 1283 2286 Pithone
1305 2239 1449 2303 serpente,

298 2309 405 2367 Linum
422 2308 512 2367 filium
527 2308 673 2385 Apollinis
692 2326 710 2366 a
731 2309 854 2384 pastori·
896 2309 975 2367 uenit
997 2309 1034 2367 ad
1055 2309 1178 2368 domum
1199 2308 1323 2385 Crotopi
1346 2306 1392 2389 [.ε.
1412 2310 1451 2368 ad

296 2392 355 2451 bus
376 2390 513 2450 nutritum
536 2400 565 2449 et
586 2409 603 2448 a
624 2390 744 2449 canibus
765 2388 856 2448 deuo·
896 2389 984 2448 filiam
1017 2390 1137 2472 nornine
1167 2388 1343 2470 Salmacem]
1374 2409 1450 2467 quae

297 2482 402 2532 ratum.
448 2471 484 2531 G.
896 2471 1017 2534 domurn
1046 2471 1233 2544 custodiebat,
1259 2481 1288 2530 et
1319 2490 1387 2530 curn
1415 2491 1451 2530 ea

338 2554 499 2613 Psamatbe
510 2552 631 2630 Crotopi
641 2553 698 2611 filia
709 2551 768 2624 luit,
778 2569 853 2629 quae
895 2553 1095 2612 concumbens
1114 2554 1214 2629 genuit
1228 2553 1318 2612 filium
1332 2553 1450 2624 Linum,

298 2635 335 2696 de
356 2635 493 2714 Apolline
512 2635 611 2706 filium,
627 2652 650 2693 s.
672 2633 787 2701 Linum,
802 2633 853 2692 ha·
896 2630 998 2715 [quem
1019 2635 1082 2710 ipsa
1103 2637 1211 2710 pastori
1232 2635 1348 2693 cuidam
1368 2653 1450 2694 corn·

298 2719 369 2790 buit,
384 2735 473 2795 quem
488 2735 576 2776 canes
590 2715 788 2775 comederunt.
814 2714 851 2773 P.
895 2716 1045 2775 mendauit
1064 2716 1102 2774 ad
1121 2716 1306 2776 nutriendum
1316 2712 1339 2797 ;]
1362 2733 1451 2794 quem

895 2797 1010 2856 incaute
1023 2797 1186 2874 depositum
1198 2798 1242 2857 sui
1253 2816 1340 2858 canes
1352 2805 1451 2857 come-

894 2879 1006 2950 derunt,
1023 2889 1053 2936 ut
1067 2880 1095 2938 d.
1111 2880 1225 2939 Statius
1272 2878 1337 2939 Cet
1348 2879 1417 2939 Ast.

340 2961 412 3032 482¹..
431 2960 559 3034 Oeagri
587 2959 831 3037 Calliopesque
861 2978 974 3019 nurus.
1016 2959 1152 3019 Euridice
1186 2978 1261 3019 uxor
1288 2961 1370 3020 Orfei
1401 2961 1450 3019 filii

301 3040 406 3117 Oeagri
435 3053 464 3101 et
488 3040 644 3118 Caldopes,
668 3043 830 3101 secundum
856 3042 927 3100 alios
955 3042 1005 3120 filii
1030 3041 1143 3101 Phoebi
1167 3053 1196 3101 et
1217 3041 1306 3101 Calli.
1332 3042 1450 3119 fugiens

297 3124 471 3194 Aristaeum,
491 3141 508 3180 a
530 3132 663 3199 serpente
683 3141 822 3198 percussa
842 3123 954 3182 interiit.
1002 3122 1038 3183 G.

341 3206 410 3279 483.
435 3203 545 3276 Quam
570 3221 654 3281 puer
680 3204 852 3282 Hypsipy·
938 3201 1039 3286 [Puer]
1082 3205 1287 3278 Archemorus,
1331 3204 1450 3281 Licurgi

298 3285 358 3346 les.
415 3285 525 3362 Tangit
552 3285 589 3344 de
616 3286 797 3346 Archemoro
825 3296 854 3345 et
895 3286 977 3358 filius,
993 3306 1011 3346 a
1028 3298 1162 3365 serpente
1180 3287 1371 3364 interemptus
1388 3298 1452 3360 est3

335 3430 397 3482 477.
415 3416 481 3485 ng.
495 3430 545 3480 247
559 3415 679 3469 Thasius
691 3417 764 3470 Delo
776 3415 840 3470 Anii
858 3417 1009 3471 sacerdotis
1021 3417 1154 3486 Apollinis
1171 3416 1256 3471 filius:
1276 3432 1311 3470 ex
1329 3433 1363 3470 eo
1377 3416 1450 3470 Delo

297 3487 390 3540 nullus
408 3488 483 3540 canis
499 3493 550 3540 est.
586 3489 689 3541 Similia
708 3489 786 3542 Mure
803 3509 825 3543 s.
839 3509 863 3542 u.
883 3487 988 3541 Trasus
1006 3488 1075 3541 filius
1091 3489 1242 3542 sacerdotis
1261 3488 1403 3556 appollinis
1421 3488 1449 3541 in

299 3558 363 3612 delo
375 3557 462 3612 insula
473 3558 508 3611 de
521 3564 604 3611 nocte
617 3559 652 3610 ad
665 3563 771 3626 patrem
782 3575 863 3612 suurn
875 3560 1008 3612 accedere
1021 3560 1116 3613 uolens
1132 3576 1148 3612 a
1167 3559 1279 3612 canibus
1296 3559 1344 3628 qui
1362 3560 1450 3627 ipsum

300 3628 493 3682 custodiebant
512 3628 676 3683 dilaceratus
697 3635 749 3683 est.
785 3631 858 3683 unde
880 3636 976 3698 postea
997 3647 1080 3684 canes
1099 3631 1199 3683 remoti
1221 3636 1294 3684 sunt.
1330 3629 1403 3683 annii
1426 3630 1449 3682 G

299 3706 398 3754 autore
411 3699 570 3753 Calimacho
582 3703 686 3754 Penius
703 3700 812 3754 scholion
829 3702 916 3755 iisdem
928 3704 988 3764 fere
1004 3701 1087 3757 uerbis
1105 3711 1245 3771 conceptum
1257 3713 1295 3756 est
1306 3703 1395 3770 quibus
1407 3712 1451 3768 ap.

301 3772 373 3825 Sata.
386 3782 410 3825 et
422 3771 460 3825 ed.
472 3774 560 3825 Paris.
577 3785 643 3836 1573
730 3771 853 3825 ResusC
934 3773 994 3825 anai
1007 3773 1033 3826 C.
1111 3773 1222 3825 resusC
1306 3771 1451 3824 Resusuel

300 3848 390 3895 trasus
401 3857 465 3895 cum
476 3847 586 3910 peteret
601 3848 621 3895 t.
634 3842 730 3894 dianae
744 3844 808 3895 Ask.
873 3841 942 3911 ipsa]
957 3863 1006 3897 am.
1020 3844 1086 3897 Ask.
1156 3849 1198 3896 est
1211 3842 1246 3896 ab
1259 3842 1322 3912 ipsis
1333 3858 1357 3896 c.
1371 3841 1450 3896 dilac.

301 3929 366 3966 cum
379 3928 461 3965 nemo
474 3911 573 3965 debeat
586 3912 690 3979 ingredi
703 3918 768 3965 ante
781 3913 854 3966 diem
868 3919 896 3966 et
910 3915 976 3967 Ask.
1046 3912 1143 3966 habuit
1155 3915 1219 3968 Ask.

338 3989 400 4049 480.
418 3983 664 4051 AmaleceidpiP
734 3983 867 4038 limumP
938 3984 1090 4052 phitoneC
1157 4001 1179 4038 s.
1189 3982 1224 4036 ad
1237 3983 1319 4036 filiam
1333 3983 1446 4038 nomine

302 4051 465 4122 Salmacern]
479 4074 528 4108 am.
541 4055 612 4120 (λιν
625 4055 690 4107 Ask.
703 4054 815 4124 suppleui
852 4052 1161 4123 quem-nutriendum]
1175 4075 1223 4109 om.
1237 4057 1302 4108 Ask.
1374 4056 1453 4109 Mure

300 4126 377 4178 habet
397 4125 491 4194 Lynus
510 4140 595 4192 nepos
615 4125 751 4193 crothopii
773 4126 844 4192 regis
860 4125 1017 4192 argiourum
1038 4123 1097 4196 (sic)
1116 4142 1132 4178 a
1153 4131 1242 4178 matre
1259 4124 1369 4193 propria
1388 4127 1452 4194 quia

302 4195 410 4263 appollo
421 4201 595 4263 stuprauerat
607 4197 709 4264 pastori
721 4197 817 4249 missus
830 4196 864 4249 ad
876 4195 1014 4250 allendum
1026 4213 1042 4248 a
1054 4196 1165 4249 canibus
1176 4196 1326 4249 dilaceatur
1340 4195 1408 4265 (sic).

340 4271 401 4330 482.
420 4265 568 4332 eenagriG
627 4268 686 4320 s.G
745 4266 840 4321 febiG
902 4267 1000 4321 cali-G
1066 4266 1123 4337 filii]
1137 4267 1243 4321 filiusG
1299 4267 1414 4336 Apollad.
1428 4270 1451 4322 Ι.

306 4353 329 4400 3.
345 4354 358 4387 2
373 4338 523 4404 Καλλιόπης
535 4339 575 4389 καὶ
589 4336 702 4408 Οἷόγρου
714 4339 768 4391 κατ’
781 4338 919 4405 ἐπίκλησιν
932 4338 959 4390 δὲ
972 4336 1137 4392 ’Λπόλλωνος
1149 4340 1225 4392 Αἶνος
1238 4337 1279 4390 καὶ
1289 4335 1411 4407 Ὀρφεύς.

340 4412 400 4471 483.
421 4412 518 4460 terone
533 4409 556 4461 G
608 4409 695 4476 -Apud
705 4410 821 4462 Seruium
833 4409 871 4468 ad
880 4412 945 4462 Aen.
959 4412 996 4461 H.
1013 4427 1059 4461 arr
1065 4408 1139 4476 filios
1154 4411 1298 4462 Laocoontis
1311 4409 1451 4462 Ethronem

303 4490 328 4531 et
340 4478 503 4531 Melanthum
520 4479 690 4532 ihessandrus
708 4480 770 4533 dicit
787 4480 829 4532 aba·
846 4479 1007 4533 Theronem
1027 4481 1143 4534 conicias.
1161 4483 1195 4546 cf.
1214 4484 1302 4533 laeta.
1319 4480 1401 4532 Schol.
1416 4480 1454 4532 ad

302 4549 364 4620 Lyc.
380 4565 428 4616 344
442 4548 577 4605 dodxouree
588 4549 633 4604 τὸν
645 4549 723 4605 παῖδα
735 4553 781 4605 τοῦ
792 4551 950 4606 Ααοκόοντος
962 4549 1065 4605 ἀνεῖλον
1077 4589 1105 4606 ...
1120 4589 1127 4606 .
1140 4589 1147 4605 .
1161 4549 1203 4604 ότι.
1213 4550 1248 4621 τῷ
1262 4550 1351 4620 δόρατι
1360 4552 1452 4606 orteia
1496 4613 1498 4616 ¹
