3294 5214
311 441 368 500 xlvi
723 437 1049 501 PROLEGOMENA.

352 595 419 677 (24)
440 598 500 671 Qui
514 599 545 656 in
559 597 665 659 fluuios
680 617 711 658 se
726 599 956 676 praecipitarunt.

474 678 603 752 EuenuS,
618 681 774 740 Tiberinus
790 683 871 756 (513,
888 678 968 756 514).

352 759 418 841 (25)
440 760 500 833 Qui
515 760 629 838 scriptis
644 762 762 820 exitium
777 764 832 821 sibi
846 771 1029 839 pepererunt.

475 841 677 914 Callisthenes,
694 842 896 914 Archilochus,
917 843 1039 921 scriptor
1056 842 1190 902 carminis
1207 842 1238 901 in
1251 841 1460 917 Athenienses,

515 922 695 984 Timocreon
705 923 742 1004 (i)
755 923 934 1004 (5¹9·5²⁶)·

352 1003 419 1085 (26)
439 1003 555 1076 Quibus
569 1006 701 1064 membra
714 1007 843 1066 mutilata
857 1017 933 1066 sunt.

474 1086 630 1156 Pentheus,
651 1086 746 1160 Dirce,
769 1086 929 1146 Philomela
944 1085 1121 1166 (533-538).
1163 1086 1220 1147 His
1242 1096 1310 1163 post
1330 1087 1460 1148 adiunxit

515 1167 690 1227 Mamertam
704 1167 799 1248 (547),
815 1168 934 1246 Orphea
948 1171 1045 1247 (600).

350 1247 417 1329 (27)
436 1249 473 1307 In
488 1267 558 1310 saxa
571 1251 657 1309 uersi.
1028 1273 1031 1282 ¹

474 1331 581 1403 Niobe,
595 1331 696 1391 Battus
708 1334 789 1406 (585,
800 1331 842 1409 6),
853 1343 882 1391 et
896 1341 963 1393 ante
977 1333 1033 1393 hos
1043 1353 1061 1393 a
1072 1332 1199 1396 Medusa
1211 1333 1353 1396 interlecti
1363 1332 1458 1413 (553).

351 1410 417 1492 (18)
438 1412 499 1485 Qui
516 1413 584 1487 igne
598 1414 737 1474 membris
752 1413 882 1490 inplicito
896 1417 1042 1474 combusti
1056 1426 1132 1475 sunt.

473 1493 631 1569 Meleager,
646 1494 764 1568 Creusa,
779 1495 923 1556 Hercules
938 1495 1114 1576 (bor-606).

351 1575 417 1657 (29)
438 1576 498 1649 Qui
512 1586 601 1635 noctu
616 1577 768 1652 perierunt.

472 1657 581 1728 Dolon,
597 1657 714 1717 Rhesus
729 1655 907 1737 (627-630),
921 1659 1052 1720 Ramnes
1067 1679 1135 1719 cum
1150 1660 1209 1720 suis
1223 1659 1304 1740 (631,
1323 1658 1361 1737 1).

371 1737 424 1818 (ἱί.)
444 1739 577 1798 Alterum
589 1757 683 1814 genus
697 1751 741 1800 est
755 1759 856 1800 eorum
870 1743 921 1816 qui
931 1743 1046 1800 eziasdem
1061 1743 1315 1820 nomzha‘sfuerunt.

472 1821 574 1898 Pyrrhi
599 1818 735 1899 (301-8),
764 1822 871 1880 Aiaces
892 1820 1068 1900 (341-344),
1090 1823 1297 1900 Hippomenes
1318 1823 1361 1882 uir
1384 1822 1457 1882 Ata·

513 1902 618 2061 lanta(e,
639 1903 845 2062 Hipp03nenes
867 1904 1006 1964 Limones
1027 1904 1138 1964 adulter
1152 1902 1329 1985 (457-460),
1352 1904 1457 1965 Glauci

514 1994 571 2042 tres
600 1987 762 2058 555-558.

371 2064 434 2145 (iii.)
455 2065 592 2135 Tertium,
607 2081 709 2124 eorum
722 2068 775 2141 qui
784 2067 899 2125 etiasdem
903 2068 1042 2145 familiae
1044 2069 1178 2146 suerunt.

473 2147 642 2217 Thessalus,
670 2146 851 2223 Eurylochus
881 2147 1068 2228 (285-288);
1103 2149 1261 2226 Philippus
1291 2149 1457 2208 Alexander

515 2226 682 2305 (295-298)
689 2249 697 2301 3
713 2228 923 2306 Hippodamia,
938 2231 1110 2290 Oenomaus
1120 2227 1301 2308 (365-368);
1317 2231 1455 2302 Antaeus,

513 2309 621 2368 Busiris
633 2306 715 2387 (395,
728 2309 799 2389 399)
806 2331 814 2383 3
837 2311 996 2388 Amphion,
1008 2311 1114 2380 Niobe,
1126 2331 1194 2371 cum
1208 2313 1272 2372 filiis
1286 2313 1456 2389 filiabusque

516 2409 551 2464 14
567 2389 749 2470 (581-584),
771 2393 881 2464 Icarus,
895 2393 1024 2469 Erigone
1039 2391 1215 2472 (611-614).

472 2472 530 2532 Sed
563 2492 600 2532 ex
632 2473 678 2532 his
706 2473 908 2551 Hippodamia
937 2493 1004 2534 cum
1034 2473 1197 2546 Oenomao,
1225 2475 1355 2534 Antaeus
1387 2493 1455 2534 cum

512 2554 653 2628 Busiride,
665 2555 788 2632 denique
803 2556 903 2615 Icarus
918 2575 986 2616 cum
1000 2555 1130 2631 Erigona
1144 2555 1231 2616 etiam
1245 2557 1356 2633 primae
1372 2556 1455 2616 classi

510 2636 708 2712 adsignantur,
720 2647 870 2714 tamquam
884 2639 989 2697 eodem
1003 2638 1104 2696 mortis
1118 2656 1226 2713 genere
1240 2637 1353 2697 adfecti.

350 2719 472 2779 Restant
485 2718 620 2776 historiae
635 2736 758 2794 quarum
772 2719 845 2778 inter
856 2737 886 2778 se
898 2737 1045 2778 conexum
1055 2719 1105 2778 uix
1116 2731 1196 2778 certo
1207 2719 1343 2795 explices.
1376 2717 1454 2776 Nam

307 2801 452 2859 interdum
466 2800 545 2858 nullo
564 2800 681 2858 uinculo
696 2798 852 2860 cohaerent
873 2801 928 2859 nisi
946 2801 1026 2878 qu'od
1045 2801 1131 2859 unius
1144 2800 1260 2859 fabulae
1280 2818 1348 2876 pars
1368 2811 1452 2858 sunt:

308 2882 351 2940 sic
382 2883 598 2956 coniunguntur
631 2879 813 2951 Philoctetes,
848 2881 998 2957 Telephus
1026 2880 1203 2959 (153-156),
1233 2882 1282 2959 qui
1308 2883 1396 2940 ambo
1424 2881 1454 2939 in

308 2962 423 3039 Cypriis
437 2963 606 3038 legebantur
621 2959 742 3040 (Kinkel
756 2963 811 3038 Ep.
828 2961 930 3022 Graec.
945 2963 1060 3038 Fragm.
1076 2982 1125 3039 pp.
1145 2965 1189 3033 18,
1208 2962 1268 3041 19);
1291 2963 1411 3039 Vlysses
1426 2975 1455 3021 et

307 3044 440 3103 Anticlus
461 3040 637 3121 (567-570),
659 3061 735 3119 quos
755 3044 869 3103 uidetur
894 3045 978 3103 simul
1000 3060 1247 3103 commemorasse
1268 3063 1305 3102 ex
1328 3044 1455 3120 Odyssia

308 3124 377 3204 (Οά.
401 3126 439 3183 xi.
457 3144 522 3199 134,
544 3126 579 3182 iv.
597 3121 759 3203 285-289),
780 3145 958 3202 quamquam
979 3127 1019 3185 ibi
1041 3145 1096 3185 nec
1118 3126 1237 3202 Vlysses
1259 3145 1277 3184 a
1298 3124 1453 3201 Telegono

307 3207 430 3276 occisus,
445 3224 500 3265 nec
512 3207 645 3265 Anticlus
660 3208 777 3282 periisse
791 3208 926 3280 traditur3
949 3208 1096 3284 Crotopus
1111 3218 1139 3265 et
1150 3208 1253 3282 Argiui
1267 3225 1342 3285 quos
1354 3206 1454 3266 Poena

307 3287 413 3346 occidit
430 3285 604 3365 (573-576),
627 3306 751 3363 quorum
772 3289 951 3348 mentionem
973 3289 1081 3347 fecerat
1103 3288 1299 3348 Callimachus
1321 3287 1366 3368 (fr.
1385 3302 1452 3363 315,

308 3368 429 3428 fortasse
440 3370 469 3427 in
481 3367 585 3447 Ibide),
597 3380 625 3428 et
636 3369 737 3429 secisse
752 3370 865 3429 uidetur
879 3371 1071 3429 Antimachus
1085 3371 1115 3428 in
1126 3370 1289 3441 Thebaide,
1302 3372 1326 3428 si
1334 3370 1454 3446 quidem

306 3449 375 3508 inde
390 3451 419 3507 in
434 3468 519 3508 suum
534 3469 606 3528 epos
620 3450 762 3510 transtulit
776 3451 903 3510 fabulam
919 3451 1026 3511 Statius
1038 3453 1133 3510 Theb.
1149 3451 1171 3510 1.
1184 3465 1243 3527 570
1258 3469 1337 3528 sqq.;
1360 3451 1453 3509 Thio-

307 3531 408 3590 damas
421 3541 449 3590 et
464 3531 560 3591 Cacus
571 3528 738 3611 (486-490)
750 3551 824 3608 quos
836 3534 875 3592 ob
889 3533 1129 3592 inhumanitatem
1144 3531 1287 3592 interfecit
1299 3531 1439 3593 Hercules
1444 3551 1452 3605 ;

308 3614 449 3687 617-624
464 3612 501 3672 ad
516 3613 652 3689 Vlyssem
666 3631 770 3673 omnes
783 3614 952 3686 referuntur,
967 3616 1022 3674 nisi
1036 3615 1118 3691 quod
1132 3614 1280 3673 interiecta
1294 3625 1338 3672 est
1352 3615 1454 3690 ignota

306 3693 403 3753 fabula
423 3694 547 3754 Aethali.
597 3695 643 3753 Ex
668 3696 784 3772 reliquis
809 3707 875 3755 sunt
899 3715 1022 3773 quarum
1046 3714 1156 3755 nexum
1179 3697 1211 3754 in
1231 3694 1453 3754 Commentario

305 3776 441 3853 expedire
457 3787 579 3836 conatus
594 3794 676 3848 sum;
697 3777 788 3836 multo
802 3788 901 3836 tamen
923 3779 1020 3855 plures
1042 3777 1185 3837 eiusmodi
1206 3787 1272 3835 sunt
1292 3787 1325 3836 ut
1345 3778 1452 3836 obscu-

305 3859 380 3918 riore
395 3859 444 3918 filo
460 3858 611 3934 copulatae
626 3859 759 3918 ordinem
773 3871 822 3918 aut
836 3861 946 3918 nullum
961 3869 1010 3918 aut
1024 3870 1100 3918 certe
1115 3859 1252 3917 latentem
1267 3868 1433 3935 sequantur.

348 3939 406 4000 Sed
420 3942 450 3998 in
464 3941 631 3999 uniuersum
646 3950 755 3999 mortes
770 3942 930 4016 generatim
949 3959 1010 3998 non
1029 3941 1173 3998 ordinauit
1187 3949 1253 3998 ante
1268 3959 1295 3998 u.
1313 3958 1381 4013 331,
1397 3958 1452 3999 nec

305 4032 372 4098 post
392 4027 460 4096 508.
503 4021 615 4081 Contra
634 4022 709 4082 intra
729 4021 784 4081 hos
805 4023 944 4082 terminos
966 4031 1101 4081 secuntur
1122 4021 1223 4080 ordine
1245 4021 1396 4079 distributo
1417 4039 1452 4080 ac

304 4120 400 4178 paene
425 4115 513 4174 cert0,
535 4105 591 4162 nisi
615 4103 695 4180 quod
718 4113 853 4179 quattuor
878 4103 981 4162 fabulis
1006 4103 1043 4162 de
1064 4102 1169 4180 Vlysse
1194 4101 1293 4161 addita
1316 4111 1360 4161 est
1383 4113 1452 4178 post

304 4185 417 4242 tertiam
437 4201 534 4260 poena
552 4203 641 4261 quarn
660 4183 696 4242 de
717 4185 871 4244 Acerranis
892 4185 1042 4244 Hannibal
1061 4185 1158 4261 exegit
1173 4179 1362 4262 (389-390);
1384 4194 1452 4260 post

304 4264 451 4324 mutilatos
467 4264 572 4337 Osirin,
587 4265 696 4336 GalloS,
716 4266 806 4337 Attin,
822 4266 1028 4342 Hippomenes
1048 4265 1200 4324 Atalantae
1218 4266 1263 4323 uir
1277 4275 1306 4324 et
1319 4265 1452 4324 eiusdem

305 4346 432 4405 nominis
447 4346 557 4404 adulter
571 4345 719 4418 Limones,
733 4357 795 4405 turn
811 4358 839 4406 et
854 4346 1054 4407 Cassandreus
1074 4355 1342 4407 commemorantur
1356 4344 1452 4425 (459-

305 4424 396 4508 Ι(61);
432 4438 499 4502 post
527 4426 665 4486 Perseum
692 4439 722 4486 et
749 4427 876 4488 Tennen
905 4447 969 4488 arca
997 4429 1135 4499 inclusos,
1154 4428 1264 4498 'nescio
1293 4445 1383 4503 quam
1411 4429 1451 4486 ob

303 4525 424 4568 causam
439 4507 612 4569 Theudotus
626 4509 664 4568 ad
683 4528 763 4569 aram
778 4510 890 4570 Phoebi
905 4520 1056 4582 mactatus,
1072 4519 1100 4570 et
1114 4509 1320 4570 Abderitarum
1335 4509 1452 4584 κάθαρμα
