3312 5200
301 449 357 504 126
700 440 1048 503 COMMENTARIVS.

296 601 409 654 Maeote
420 605 448 654 et
459 598 520 652 illis
533 599 688 668 paludatus
704 615 732 652 se
743 598 904 668 defendebat
918 595 965 666 (de
978 598 1030 666 leg.
1045 598 1111 665 Agr.
1127 595 1153 650 ii.
1171 611 1210 664 19.
1227 593 1281 664 52).
1321 595 1363 650 Cf.
1377 597 1452 666 App.

300 671 396 725 Mithr.
418 685 475 738 101,
498 684 545 723 102
567 669 693 724 Διώδευεν
713 669 773 735 ἔθνη
795 669 904 722 Σκυθικὰ
925 671 965 721 καὶ
986 669 1113 736 πολεμικὰ
1139 668 1180 719 καὶ
1201 666 1335 735 ἀλλότρια,
1355 667 1384 720 in
1407 667 1453 720 his

256 795 258 802 ,
299 741 465 796 Heniochos
485 751 513 795 et
531 741 671 808 Achaeos,
691 739 783 794 donec
803 739 841 793 ad
864 738 992 793 Maeotin
1014 737 1151 808 peruenit.
1191 737 1262 792 Inde
1282 737 1365 806 (App.
1390 736 1451 804 107)

299 812 520 881 Panticapaeum
543 811 642 865 urbem
663 809 692 864 in
707 811 841 864 'extrema
859 821 940 880 parte
959 809 1098 863 Tauricae
1122 807 1292 862 Chersonesi
1312 808 1397 861 sitam
1417 825 1453 862 ex

298 883 406 937 on'ente
417 881 574 952 occupauit,
584 891 669 951 atque
679 880 717 934 ibi
728 881 878 935 derelictus
891 898 908 934 a
921 879 979 934 suis
989 890 1109 934 mortem
1119 879 1173 933 sibi
1182 879 1334 932 adiuuante
1344 878 1453 932 Bituito

319 953 424 1007 uodam
445 953 525 1007 Celta
544 951 688 1006 consciuit.
728 952 836 1005 Poteris
855 961 882 1005 et
903 952 939 1006 de
959 951 1117 1004 Philocteta
1134 949 1311 1018 interpretari
1330 949 1453 1017 legendo

338 1040 454 1077 mnoeus
476 1023 553 1091 (Lyc.
577 1023 647 1091 227).
687 1024 764 1076 Nam
790 1023 961 1076 Philoctetes
985 1021 1073 1076 redux
1094 1023 1300 1074 Amastriacis
1324 1025 1366 1074 ab
1387 1024 1453 1074 oris

297 1096 325 1148 h.
335 1112 358 1148 e.
372 1095 409 1148 ab
422 1094 502 1147 litore
516 1093 618 1146 Euxini
631 1093 717 1147 maris
727 1093 803 1163 quod
815 1110 880 1147 cum
893 1091 1065 1160 Argonautis
1078 1090 1212 1145 inuiserat
1227 1091 1298 1158 (Val.
1311 1092 1352 1144 Fl.
1362 1090 1379 1144 i.
1391 1105 1453 1158 391,

299 1165 336 1218 iii.
357 1178 417 1232 722,
439 1163 569 1218 Philostr.
592 1165 653 1218 lun.
674 1165 751 1218 Icon.
773 1161 815 1230 17)
834 1165 990 1216 Lamnaeus
1014 1162 1073 1216 iure
1096 1179 1147 1216 suo
1172 1161 1357 1231 appellandus
1382 1171 1453 1229 erat,

299 1246 329 1290 ut
348 1235 442 1316 quiin
462 1233 582 1288 insulam
604 1236 731 1288 Lemnon
756 1235 800 1289 bis
822 1233 985 1304 appulisset,
1006 1233 1083 1302 prius
1101 1250 1166 1286 cum
1184 1231 1356 1301 Argonautis
1377 1231 1452 1298 (Val

299 1305 524 1375 Fl.1i),postea
547 1322 612 1359 cum
638 1304 722 1360 Grais
753 1304 913 1374 petentibus
938 1304 1062 1371 Troiam,
1088 1320 1143 1373 quo
1171 1313 1298 1371 tempore
1325 1303 1453 1369 Chrysae

298 1393 377 1431 aram
393 1393 531 1446 quaerens
548 1385 576 1430 et
594 1376 630 1429 ab
648 1393 739 1444 angue
758 1393 868 1430 morsus
886 1385 1001 1444 propter
1017 1385 1120 1428 tetrum
1137 1373 1260 1427 uulneris
1275 1373 1393 1426 odorem
1412 1371 1452 1426 ibi

298 1447 449 1502 destitutus
466 1457 517 1501 est.
558 1446 635 1500 Hinc
652 1446 714 1500 Val.
738 1447 779 1500 Fl.
799 1446 815 1500 i.
836 1460 887 1514 392
907 1447 943 1500 de
965 1445 1123 1500 Philocteta
1140 1446 1193 1497 Bis
1211 1445 1336 1496 Lemnon
1355 1444 1454 1496 urbure

298 1518 374 1573 dicit.
497 1519 566 1572 330.
586 1521 701 1572 Nudus
722 1516 793 1571 Phil.
815 1530 867 1586 953
889 1517 979 1586 ψιλὸς,
1001 1517 1045 1568 οὐκ
1067 1517 1134 1584 ἔχων
1155 1514 1265 1584 τροφήν.
1306 1517 1454 1568 Achillea

297 1592 395 1643 humo
422 1587 446 1642 si
475 1588 510 1642 de
537 1587 634 1642 Mithr.
662 1587 811 1656 intelligas,
837 1596 885 1642 aut
912 1586 1035 1655 explices
1059 1586 1096 1640 de
1120 1583 1263 1655 Ἀχιλλέως
1288 1583 1375 1656 δρόμῳ
1404 1583 1452 1654 qui

298 1659 498 1728 nauigantibus
512 1675 529 1713 a
542 1658 726 1726 Borysthenis
746 1657 819 1712 ostio
838 1657 866 1713 in
882 1657 1020 1711 orientem
1033 1656 1207 1726 paeninsula
1219 1665 1262 1710 est
1274 1657 1452 1724 adformom

292 1732 380 1812 gladi
395 1732 427 1784 in
445 1736 640 1784 transuersum
653 1732 786 1799 porrecto
803 1730 1000 1782 exercitatione
1016 1727 1134 1781 Achillis
1152 1728 1349 1797 cognominata
1368 1725 1452 1793 (Plin.

298 1820 332 1856 rv.
352 1799 406 1868 83),
427 1800 578 1854 Tauricam
601 1801 809 1853 Chersonesum
829 1809 962 1868 spectans
982 1816 1016 1852 ex
1038 1798 1167 1866 aduerso,
1187 1807 1235 1851 aut
1255 1797 1291 1850 de
1311 1796 1452 1866 Ἀχιλλεὶῳ

298 1875 377 1940 κώμη,
397 1888 453 1940 quo
474 1872 537 1924 loco
559 1869 758 1938 angustissime
779 1887 810 1924 se
832 1869 972 1924 contrahit
994 1869 1116 1922 Maeotis
1136 1868 1240 1922 ostium
1260 1868 1364 1936 (Strab.
1377 1867 1451 1936 494).

300 1941 409 1996 Poteris
427 1941 513 1996 etiam
532 1940 615 1995 latius
631 1940 808 2010 interpretari
826 1942 862 1996 de
880 1958 929 1995 ora
949 1939 1089 2008 Scythica.
1130 1941 1192 1994 lam
1204 1940 1325 1992 Alcaeus
1342 1937 1452 1992 dixerat

298 2013 331 2068 t'r.
352 2027 387 2080 49
408 2011 509 2080 Bergk,
529 2010 664 2079 Ἀχίλλιυ,
684 2011 698 2063 δ
720 2014 765 2066 τᾶς
784 2012 907 2065 Σκυθίκας
927 2010 1019 2079 μεθείς.
1057 2009 1087 2064 Si
1109 2010 1145 2064 de
1168 2009 1326 2063 Philocteta
1346 2009 1451 2077 capias,

298 2101 333 2138 ex
352 2081 489 2151 scriptura
508 2081 638 2135 codicum
655 2081 834 2149 Mutinensis,
855 2081 1047 2148 Holkhamici,
1063 2080 1186 2134 Conradi
1202 2079 1239 2134 de
1259 2082 1341 2133 Mure
1356 2079 1452 2134 elicies

298 2153 463 2208 Echeitnoea
481 2154 527 2206 uel
545 2152 691 2206 Echinoea
709 2153 771 2208 he.
791 2153 907 2220 Lemno,
926 2152 974 2206 ubi
993 2163 1021 2206 et
1040 2152 1100 2220 ipse
1121 2151 1290 2204 Philoctetes
1309 2151 1346 2203 ab
1359 2167 1452 2218 angue

299 2241 409 2278 morsus
423 2233 465 2277 est
479 2233 506 2278 et
520 2223 566 2276 alii
581 2222 730 2292 ὀφιόδηκτοι
743 2240 762 2277 a
774 2223 967 2278 sacerdotibus
982 2221 1140 2292 Hephaesti
1157 2222 1327 2275 curabantur
1345 2221 1450 2290 (Schol.

301 2296 332 2350 ll.
352 2295 379 2348 ii.
399 2295 471 2362 725),
489 2303 516 2348 et
535 2293 650 2347 noxium
668 2311 758 2362 genus
777 2304 939 2363 serpentum
958 2294 1091 2364 κεγχρίνης
1109 2291 1283 2347 inhabitasse
1301 2291 1452 2360 praecipue

300 2366 377 2420 iuxta
397 2364 577 2432 Mosychlum
597 2364 699 2419 dicitur
719 2381 736 2419 a
757 2364 903 2419 Nicandro
923 2365 1006 2418 Ther.
1027 2364 1079 2431 463
1100 2380 1162 2433 sqq.
1246 2365 1313 2416 331.
1331 2366 1384 2416 uel
1403 2379 1452 2431 op-

299 2435 413 2506 ponitur
431 2439 492 2490 Vel
512 2450 570 2503 333.
610 2434 796 2504 Eurydamas,
819 2435 891 2489 filius
918 2435 1016 2503 Medii,
1041 2451 1105 2488 cum
1127 2434 1315 2501 Thrasyllum,
1337 2434 1452 2487 fratrem

301 2507 372 2562 Simi
399 2505 532 2574 Larisaei,
557 2505 715 2574 occidisset,
741 2507 778 2560 ab
802 2507 857 2559 hoc
881 2507 919 2560 ad
944 2522 1055 2560 currum
1082 2505 1184 2574 ligatus
1209 2515 1237 2559 et
1262 2503 1337 2557 circa
1360 2514 1453 2558 tumu-

300 2580 358 2632 lum
379 2576 520 2645 Thrasylli
545 2587 650 2631 tractus
675 2586 737 2630 est:
763 2576 840 2647 quod
864 2586 991 2630 narrarat
1015 2575 1205 2630 Callimachus
1230 2573 1290 2628 siue
1314 2575 1343 2627 in
1371 2574 1452 2628 Ibide

301 2647 417 2718 (Bentl.)
432 2649 491 2702 siue
504 2647 533 2702 in
545 2647 635 2702 Aetiis
651 2647 819 2715 (Schneider
832 2647 942 2702 Callim.
956 2647 983 2702 ii.
996 2664 1022 2716 p.
1036 2646 1110 2714 627).
1148 2647 1241 2700 Schol.
1254 2647 1326 2699 Ven.
1342 2646 1374 2699 ll.
1388 2644 1452 2700 xxii.

301 2734 351 2789 397
366 2721 416 2772 Διὰ
432 2721 456 2773 τί
475 2719 612 2788 Ἀχιλλεύς
630 2718 739 2771 θανόντα
758 2717 831 2788 σύρει
848 2720 893 2772 τὸν
902 2717 1030 2788 Ἔκτορα;
1055 2720 1070 2769 ὁ
1087 2718 1115 2770 δὲ
1128 2717 1296 2784 Καλλίμαχός
1313 2718 1397 2784 φησιν
1413 2714 1453 2768 ὅτι

300 2792 408 2860 πάτριόν
420 2790 478 2844 ε’στι
492 2790 643 2844 θεσσαλοῖς
654 2789 714 2844 τοὺς
725 2793 776 2841 τῶν
792 2790 926 2858 φιλτάτων
943 2789 1040 2858 φονέας
1053 2785 1142 2857 σύρειν
1153 2789 1212 2856 περὶ
1224 2787 1284 2840 τοὺς
1296 2792 1347 2839 τῶν
1358 2789 1453 2856 φονευ·

236 2921 239 2925 ,
299 2861 394 2915 θέντων
407 2861 515 2930 τάφους·
535 2861 634 2927 Σίμωνα
646 2860 697 2929 γάρ
710 2857 778 2927 φησι
794 2860 935 2914 θεσσαλδν
947 2861 977 2913 τὸ
989 2859 1071 2928 γένος,
1088 2857 1272 2928 Εὐρυδάμαντα
1284 2859 1329 2911 τὸν
1344 2856 1454 2910 Μειδίου

301 2936 379 3002 σῦραι
397 2931 472 3000 (add.
494 2929 638 2998 Schneid.)
657 2930 838 2984 ἀποκτείναντα
852 2931 1011 2997 θράσυλλον
1024 2931 1070 2984 τὸν
1087 2929 1205 2999 ἀδελφὸν
1222 2928 1310 2994 αὐτοῦ,
1323 2927 1453 2997 ἄρξασθαί

300 3024 328 3056 τε
341 3006 386 3055 τοῦ
398 3005 477 3069 νόμου
489 3007 600 3071 πρῶτον.
630 3004 721 3054 τοῦτον
733 3001 783 3071 γάρ
797 3000 895 3070 ε’ξάφαι
907 3005 954 3054 τοῦ
966 3001 1062 3070 δίφρου
1074 3002 1119 3053 τδν
1131 3000 1214 3069 φονέα
1227 2999 1268 3053 καὶ
1280 2999 1339 3067 περὶ
1350 3000 1394 3051 τὸν
1405 3002 1453 3052 τοῦ

300 3074 510 3138 τετελευτηκότος
522 3073 606 3141 τάφον
618 3069 714 3125 ἕλκειν.
753 3071 919 3126 Callimachi
932 3088 1030 3126 uersus
1043 3071 1079 3125 de
1097 3088 1132 3125 ea
1149 3088 1178 3126 re
1196 3070 1264 3124 citat
1282 3071 1397 3122 Proclus
1414 3069 1454 3122 ad

303 3144 412 3197 Platon.
432 3144 501 3211 Rep.
522 3159 549 3211 p.
567 3156 615 3210 391
636 3142 717 3196 πάλαι
736 3140 759 3194 δ’
777 3143 814 3195 ἔτι
834 3143 974 3196 θεσσαλδς
995 3142 1058 3209 ἀνὴρ
1078 3140 1210 3206 Ῥυστάζει
1232 3140 1362 3209 φθιμένων
1384 3139 1452 3208 άμφλ

301 3213 387 3280 τάφον
401 3211 505 3281 φονέας.
544 3211 712 3280 (Schneider
727 3212 913 3280 Callim.l.c.)
958 3219 1007 3268 ter
1019 3213 1103 3267 toties
1116 3221 1144 3266 et
1158 3214 1314 3266 Hectorem
1326 3209 1452 3264 Achilles

301 3293 426 3352 raptarat
442 3283 473 3337 Il.
486 3281 558 3336 xxiv.
574 3282 613 3336 16.
751 3286 819 3338 832.
837 3287 1002 3338 Larisaeis
1041 3284 1251 3338 Demosthenes
1266 3284 1369 3336 Neaer.
1385 3282 1452 3348 1382

301 3353 369 3407 dicit
384 3355 535 3422 Neaeram,
549 3353 725 3408 meretricem
741 3355 889 3424 famosam,
903 3372 962 3409 rem
979 3354 1113 3408 habuisse
1131 3355 1159 3406 ἐν
1176 3353 1305 3420 θετταλίη
1317 3353 1359 3404 καὶ
1376 3359 1453 3422 May·

302 3426 377 3492 νησίᾳ
390 3426 453 3492 μετὰ
467 3426 544 3489 Σίμου
557 3429 603 3477 τοῦ
616 3425 759 3495 Λαρισαίου
774 3427 815 3478 καὶ
828 3425 1025 3496 Εὐρυδάμαντος
1040 3429 1086 3478 τοῦ
1104 3423 1223 3491 Μηδίουὶ
1249 3440 1341 3492 neque
1354 3440 1372 3476 a
1384 3439 1452 3476 uero

302 3496 433 3550 abhorret
446 3493 623 3548 inimicitiam
635 3505 726 3550 ortam
740 3513 773 3549 ex
787 3513 890 3550 amore.
905 3497 939 3550 cf.
954 3497 1055 3550 Neaer.
1074 3510 1104 3563 13
1108 3508 1149 3563 52.
1316 3496 1385 3547 333.
1398 3496 1454 3556 qui

303 3567 419 3620 Hector.
443 3570 585 3620 Tutatus.
611 3561 664 3620 οἶος
673 3567 723 3636 γὰρ
733 3564 1015 3636 έρύετοἼλιονἜκτωρ
1026 3567 1057 3620 ll.
1066 3567 1100 3620 vi.
1110 3580 1169 3633 403.
1219 3567 1454 3618 334.1uetrauit

302 3637 370 3690 dum
390 3638 426 3690 ab
446 3636 555 3690 Achille
576 3635 681 3690 circum
701 3637 804 3691 Troiae
823 3637 936 3692 moenia
957 3647 1084 3706 raptatur
1103 3637 1134 3690 ll.
1151 3635 1222 3692 xxiv.
1246 3635 1286 3703 16,
1299 3647 1360 3703 755.
1388 3651 1453 3689 non

301 3712 454 3762 diuturna
466 3725 531 3761 mox
543 3707 649 3761 ruitura
662 3718 772 3762 mortuo
787 3710 919 3763 Hectore.
947 3709 978 3762 ll.
989 3707 1059 3762 xxiv.
1070 3708 1121 3774 728
1131 3708 1191 3776 πρὶν
1198 3708 1249 3776 γὰρ
1258 3708 1335 3760 πόλις
1343 3705 1388 3774 ἥδε
1398 3703 1451 3758 κατ’

302 3781 379 3846 ἄκρης
403 3779 541 3847 Πέρσεται·
573 3776 587 3844 ἦ
607 3780 658 3848 γάρ
679 3778 782 3832 ὄλωλας
803 3779 952 3844 ἐπίσκοπος,
972 3777 1035 3832 ὅστε
1056 3801 1099 3844 μιν
1121 3779 1199 3844 αὐτὴν
1216 3775 1333 3839 Ῥύσκευ,
1353 3777 1411 3844 ἔχες
1429 3774 1453 3828 δ’

301 3850 415 3919 ἀλόχους
427 3850 515 3903 κεδνὰς
530 3849 570 3902 καὶ
586 3847 662 3915 νήπια
678 3847 761 3914 τέκνα,
775 3866 847 3919 quae
867 3850 954 3904 uerba
971 3858 1036 3902 sunt
1053 3847 1213 3918 plangentis
1226 3847 1449 3902 Andromaches.

302 3921 414 3975 Eodem
443 3919 529 3974 modo
560 3918 643 3972 Betin
672 3919 747 3973 circa
776 3921 891 3987 Gazam,
921 3936 1007 3989 quam
1037 3919 1140 3972 frustra
1164 3917 1329 3972 defenderat
1354 3927 1453 3972 contra

300 3992 501 4058 Alexandrum,
514 4007 578 4044 cum
586 3991 725 4059 portatos
737 3992 876 4061 spt'rontzt
887 3991 949 4043 loro
961 3991 1079 4043 traiecto
1090 3994 1166 4055 sunt,
1175 3991 1328 4060 relegatum
1341 3988 1382 4042 od
1390 4005 1452 4041 cur-

301 4080 366 4116 rum
386 4068 498 4116 traxere
515 4062 587 4130 eque',
603 4061 748 4131 gloriante
766 4077 829 4130 rege
846 4060 987 4128 Achillen,
1006 4079 1024 4113 o
1043 4078 1098 4129 qno
1114 4076 1207 4129 genus
1225 4062 1284 4129 ipse
1301 4060 1453 4127 deduceret,

301 4134 446 4186 imitatum
459 4149 487 4185 se
498 4148 554 4184 esse
560 4135 654 4200 poeno
666 4133 697 4184 in
709 4131 813 4184 hostem
826 4133 969 4202 captanda.
1007 4132 1082 4184 Curt.
1092 4130 1127 4184 iv.
1138 4131 1162 4184 6.
1217 4134 1288 4194 335,
1300 4133 1328 4183 6.
1341 4130 1452 4183 Eadem

301 4203 397 4256 sabula
405 4202 521 4256 recurrit
529 4214 589 4270 459,
598 4202 659 4270 460,
669 4201 835 4272 uideturque
844 4202 872 4255 in
884 4201 1050 4256 Callimachi
1063 4201 1143 4256 lbide
1154 4211 1267 4255 narrata
1274 4199 1369 4268 fuisse,
1380 4209 1453 4254 teste

303 4274 396 4328 Schol.
414 4274 516 4327 Aescb.
535 4272 607 4325 Tim.
623 4274 681 4326 281.
721 4273 888 4327 Heraclides
907 4275 966 4338 περὶ
984 4275 1121 4327 πολιτειῶν
1138 4273 1169 4325 fr.
1185 4286 1200 4339 3
1215 4272 1323 4340 (Muell.
1339 4273 1451 4339 Fragm.

303 4343 378 4397 Hist.
400 4345 498 4398 Graec.
513 4343 539 4396 ii.
560 4360 585 4411 p.
600 4344 666 4412 208)
682 4342 835 4410 Ἰππομένης
852 4340 888 4398 εἷς
906 4348 956 4396 τῶν
975 4343 1108 4413 Κοδριδῶν
1126 4343 1216 4407 λαβὼν
1235 4343 1276 4396 ἐπὶ
1294 4345 1324 4409 τῇ
1344 4342 1452 4411 θυγατρὶ

301 4415 402 4482 μοιχὸν,
416 4413 512 4466 ἐκεῖνον
527 4415 574 4481 μὲν
589 4413 688 4466 άνεῖλεν
702 4413 842 4482 ὑποζεύξας
858 4417 893 4466 τῶ
910 4415 1012 4483 ἅρματι,
1025 4413 1071 4480 τὴν
1088 4413 1116 4466 δὲ
1132 4410 1202 4484 ἵππῳ
1219 4411 1393 4478 συνέκλεισεν,
1405 4411 1454 4468 ἕως·

301 4485 436 4550 ἀπόληται.
472 4499 591 4538 nouum
604 4499 703 4548 genua
715 4501 834 4549 poenae
847 4465 991 4538 Diodorus
1004 4483 1059 4537 viii.
1074 4499 1108 4549 24
1125 4484 1247 4553 τιμωρίαν
1259 4483 1399 4550 ἀνήκεστον
1412 4483 1453 4534 καὶ
1483 4541 1491 4550 3

301 4554 517 4622 παρηλλαγμένην
531 4570 594 4606 eam
607 4564 697 4608 uocat.
847 4558 916 4610 336.
934 4558 1111 4610 Erechthea
1123 4555 1252 4610 Athenis.
1268 4557 1306 4610 M.
1321 4553 1376 4608 viii.
1393 4565 1452 4623 547,
