3312 5200
606 430 951 491 COMMENTARIVS.
1298 435 1352 488 111
1417 437 1419 445 ⁴

201 590 276 643 hunt
297 591 416 642 uictores
432 589 564 658 praemia
584 589 663 655 Grai,
683 607 709 641 v.
725 599 774 655 513
792 588 871 640 Ante
888 588 984 640 Iouem
1001 587 1096 656 passis
1113 587 1191 640 stetit
1210 587 1354 640 inuidiosa

202 660 323 730 capillis,
361 661 446 712 Nunc
462 660 517 712 huc
535 657 629 727 potius
647 657 751 711 inclino
764 667 794 711 ut
811 660 971 712 inuidiosa
989 656 1144 726 praedicati
1161 667 1241 726 parte
1254 658 1352 726 funga-

201 739 254 798 tur,
272 731 327 783 hoc
345 747 447 784 sensu:
473 729 581 782 utinam
600 729 712 782 fortuna
728 737 785 796 tua,
801 728 830 781 id
847 728 923 797 quod
941 744 1035 781 rarum
1054 737 1104 794 est,
1121 727 1258 781 inuidiam
1277 727 1305 780 in
1324 738 1353 782 te

201 809 287 870 atque
309 799 407 854 odium
429 799 559 867 concitet,
581 808 611 852 ut
633 815 690 851 non
715 797 772 852 iam
793 809 907 867 propter
928 799 1055 852 fauorem
1075 797 1290 866 blandientium,
1313 798 1354 852 ita
1377 827 1380 834 ·

201 881 317 941 propter
329 869 457 924 miserias
470 869 572 939 quibus
585 868 763 923 conflictaris.
797 871 873 922 Nam
886 868 1009 922 felicium
1022 867 1134 922 lortuna
1147 867 1287 922 inuidiosa
1300 885 1351 948 per

201 959 233 995 se
245 951 298 1010 est,
311 942 463 995 multorum
481 939 618 993 inuidiam
637 938 666 992 in
682 956 713 993 se
728 938 831 993 trahit:
851 939 939 993 rarius
952 940 1112 993 inuidiosus
1124 948 1166 993 est
1183 939 1276 1006 miser,
1290 955 1351 993 siue

201 1012 279 1081 quod
297 1011 394 1064 odium
413 1011 557 1080 quoddam
575 1019 671 1063 mouet
691 1026 888 1063 aerumnarum
907 1027 1029 1077 suarum,
1048 1009 1108 1063 siue
1127 1009 1351 1078 indignationem

200 1081 229 1134 in
254 1092 393 1136 auctores,
443 1080 529 1149 ‘May
552 1081 600 1134 the
625 1090 722 1149 aspect
748 1081 780 1134 of
800 1081 850 1149 thy
874 1081 993 1148 fortune,
1018 1098 1050 1134 as
1076 1081 1186 1133 seldom
1213 1082 1351 1149 happenS,

199 1169 283 1206 rouse
309 1153 357 1206 the
383 1151 491 1221 disgust
516 1151 549 1204 of
569 1168 635 1204 men
660 1151 741 1204 when
766 1151 814 1204 the
839 1151 935 1204 smiles
957 1151 989 1203 of
1009 1152 1057 1204 the
1080 1151 1167 1204 world
1191 1167 1229 1204 no
1254 1151 1352 1218 longer

199 1223 300 1276 attend
328 1223 365 1276 it'
413 1224 451 1276 Et
479 1221 519 1275 sic
544 1223 576 1275 T.
596 1221 778 1275 Vnderdown
804 1220 884 1274 ‘And
912 1222 981 1288 that,
1010 1222 1071 1276 that
1099 1221 1226 1274 seldome
1254 1237 1350 1274 comes

199 1302 230 1346 to
251 1310 345 1362 passe,
366 1293 378 1344 l
399 1292 486 1346 wishe
508 1293 559 1360 thy
578 1293 668 1346 whole
690 1300 798 1345 estate:
830 1292 876 1343 All
897 1291 1010 1344 wonted
1034 1292 1131 1345 favour
1153 1292 1196 1344 for
1216 1301 1245 1344 to
1267 1301 1350 1360 want,

198 1363 267 1416 And
291 1363 327 1416 be
352 1363 457 1431 replete
482 1362 549 1416 with
574 1363 656 1416 hate!
744 1364 825 1426 quod
852 1367 901 1416 eat
924 1377 1040 1418 rarum.
1074 1361 1158 1416 Trist.
1184 1361 1219 1415 iv.
1241 1377 1279 1416 ιο.
1303 1377 1349 1415 121

202 1435 231 1486 T
227 1451 248 1486 u
261 1433 340 1500 milti,
353 1434 430 1501 quod
442 1450 543 1486 rarum
558 1439 606 1500 est,
620 1434 688 1486 uiuo
705 1433 821 1486 sublime
832 1433 936 1486 dedisti
951 1434 1069 1500 Nomen,
1083 1433 1117 1484 ab
1128 1434 1266 1500 exsequiis
1278 1433 1357 1500 quod

197 1504 269 1557 dare
278 1505 365 1572 fama
383 1505 458 1571 solet,
472 1503 507 1558 iv.
523 1514 546 1571 5.
559 1518 593 1570 23
614 1505 711 1571 Teque,
729 1503 806 1571 quod
821 1508 987 1570 astrorum,
1001 1507 1119 1572 praesta
1137 1507 1298 1556 constanter
1313 1503 1355 1556 ad

198 1591 280 1626 omne
292 1575 482 1628 Indeclinatae
494 1591 599 1627 munus
610 1575 758 1627 amicitiae.
797 1575 864 1626 Non
884 1582 934 1640 est,
954 1573 983 1626 id
1002 1573 1078 1643 quod
1096 1589 1159 1626 raro
1178 1572 1228 1626 tibi
1248 1571 1350 1626 euenit.

197 1645 266 1698 123.
286 1647 390 1698 cauea
409 1647 521 1698 mortis
541 1659 591 1696 cur
609 1643 680 1696 mori
700 1643 777 1697 uelis.
810 1647 902 1708 eopia
919 1660 1004 1712 posse
1020 1643 1100 1697 mori.
1138 1643 1215 1696 Suet.
1229 1642 1291 1696 Tib.
1305 1642 1349 1696 lxi.

198 1716 276 1767 mori
293 1715 449 1768 uolentibus
468 1717 514 1768 nes
531 1713 659 1767 adhibita
677 1714 796 1767 uiuendi
814 1713 925 1782 (Sala).
964 1712 1125 1768 Memnonis
1144 1713 1176 1766 fr.
1194 1715 1253 1780 περὶ
1268 1711 1350 1780 Ἤρα-

198 1785 286 1838 κλείας
306 1785 334 1838 111
358 1784 486 1838 Muelleri
510 1786 622 1852 Fragm.
646 1784 721 1839 Hist.
745 1786 844 1838 Graec.
864 1783 904 1840 iii.
926 1800 952 1851 p.
975 1785 1025 1852 528
1047 1785 1083 1838 de
1106 1784 1207 1852 Satyro
1229 1793 1349 1852 tyranno

197 1856 327 1910 πολλάκις
347 1856 423 1908 αὐτὸν
444 1855 528 1924 φασὶν
547 1855 574 1908 ἐν
593 1855 623 1922 τῇ
645 1856 714 1926 νόσῳ
733 1855 778 1908 τὸν
802 1854 910 1907 θάνατον
934 1855 1052 1908 ἐπελθεῖν
1076 1853 1144 1924 αὑτῷ
1165 1857 1351 1923 κατευχόμενον

196 1925 232 1992 μὴ
251 1928 346 1994 τυχεῖν,
366 1925 436 1978 ἀλλὰ
456 1927 564 1994 συχναῖς
582 1924 686 1995 ἡμέραις
705 1928 735 1992 τῇ
756 1925 834 1992 πικρᾷ
853 1926 894 1977 καὶ
911 1925 1002 1993 βαρείᾳ
1020 1926 1264 1993 καταδαπανώμενον
1279 1927 1350 1995 νόσῳ

198 1993 281 2050 οὕτως
293 1994 416 2049 ἀποτῖσαι
429 1997 459 2048 τὸ
471 1998 562 2064 χρεών.
652 1998 716 2051 127.
737 1997 803 2049 Post
821 1996 869 2048 126
882 2012 937 2064 quo
951 1995 1118 2048 clauduntur
1131 1993 1216 2062 dirae,
1229 2012 1349 2064 pausam

197 2065 266 2119 lacit
278 2076 372 2135 poeta.
410 2068 484 2119 Tum
503 2065 649 2120 interiecto
669 2065 760 2134 spatio
773 2064 853 2135 quasi
873 2075 965 2119 certus
982 2066 1066 2119 futuri
1085 2065 1247 2135 pronuntiat
1265 2083 1348 2119 euen-

198 2145 259 2189 tum
278 2135 412 2190 uaticinii.
448 2139 606 2190 Euenient
626 2146 760 2190 euentum
781 2135 926 2190 habebunt
948 2153 986 2190 sc.
1007 2153 1080 2205 quae
1102 2135 1167 2190 dixi.
1205 2135 1348 2189 Tibullum

196 2205 331 2275 imitatur,
353 2206 369 2260 i.
395 2218 418 2274 5.
441 2219 471 2274 57
494 2208 644 2274 Euenient,
665 2208 717 2260 dat
734 2208 818 2276 signa
837 2208 906 2260 deus
929 2206 1038 2276 (Const.
1059 2204 1140 2273 Fan.)
1181 2205 1278 2260 Μ.111.
1300 2219 1350 2274 524

196 2277 340 2342 Eueniet;
366 2279 548 2346 nequeenim
569 2277 719 2347 dignabere
743 2293 846 2330 numen
871 2276 974 2330 honore
995 2276 1042 2330 ubi
1066 2276 1201 2330 Heinsius
1226 2277 1348 2331 malebat

196 2347 350 2402 Euenient.
439 2349 505 2403 129.
525 2350 624 2402 Certe.
656 2346 744 2416 Quasi
758 2347 871 2416 corrigit
885 2364 916 2400 se
928 2346 1012 2399 nimis
1026 2346 1215 2400 confidentem
1229 2346 1264 2400 de
1277 2346 1347 2400 uati·

196 2417 292 2470 cinio:
312 2417 336 2470 si
355 2434 412 2471 non
431 2418 503 2471 adeo
522 2427 565 2472 est
585 2428 676 2472 certus
698 2427 824 2485 euentus,
845 2417 913 2470 deos
936 2417 1036 2470 saltem
1058 2417 1169 2469 habebo
1192 2416 1348 2486 audientes,

197 2504 317 2556 quorum
330 2505 385 2560 ope
397 2487 562 2542 moriturum
575 2499 603 2542 te
616 2489 745 2557 sperabo.
781 2492 901 2552 putabo
913 2487 1036 2539 futurum
1049 2487 1086 2540 ad
1098 2492 1224 2540 motura
1236 2504 1347 2540 accom-

197 2558 338 2613 modatur.
433 2561 499 2614 130.
518 2558 668 2612 alar‘will
681 2559 745 2612 feed
758 2575 794 2611 on
807 2559 855 2611 the
869 2557 960 2625 hope’
997 2556 1139 2611 Τ11).11.6.
1154 2572 1196 2611 21.
1286 2559 1348 2611 131.

196 2631 332 2682 nimium
349 2645 441 2693 saepe
456 2646 513 2682 non
532 2628 576 2682 bis
596 2630 727 2696 semelue,
746 2629 796 2682 sed
815 2627 990 2696 saepissime,
1003 2627 1039 2681 de
1053 2627 1115 2680 Fin.
1129 2627 1156 2680 ii.
1173 2641 1212 2694 13.
1226 2643 1257 2692 41
1273 2629 1351 2695 quod

196 2715 248 2752 uos
268 2700 413 2752 interdum
434 2700 482 2753 uel
496 2701 595 2770 potius
612 2701 733 2752 nimium
751 2702 832 2768 saepe
849 2699 951 2765 dicitis,
971 2697 1007 2751 de
1027 2698 1093 2766 Leg.
1113 2697 1140 2750 11.
1157 2710 1194 2762 17.
1209 2711 1242 2765 43
1262 2699 1349 2751 ninds

196 2772 277 2837 saepe
292 2769 412 2838 (Hand.)
493 2772 559 2824 132.
577 2773 645 2824 dies
657 2769 763 2836 mortis,
778 2785 848 2822 sera
860 2778 974 2837 propter
986 2767 1059 2821 exilii
1073 2767 1210 2822 miserias.
1281 2768 1347 2823 133.

196 2843 300 2903 spatio
325 2839 459 2909 temporis
484 2841 564 2909 lapsu
589 2841 622 2894 Α.
643 2841 677 2894 Α.
695 2839 723 2894 ii.
744 2841 794 2907 651
818 2840 893 2893 Mox
912 2840 997 2891 etiam
1017 2839 1110 2891 uentz's
1128 2839 1220 2907 spatio
1240 2836 1348 2892 durata

196 2911 312 2964 resistet.
393 2912 458 2966 134.
479 2910 563 2979 Quod
584 2910 630 2964 hic
651 2927 676 2964 u.
696 2920 724 2964 et
741 2924 788 2977 133
807 2909 851 2963 bis
870 2908 967 2977 scripti
986 2918 1050 2962 sunt
1071 2907 1116 2974 (cf.
1129 2924 1172 2975 41,
1186 2907 1240 2974 42),
1260 2909 1347 2964 uoluit

196 2989 282 3048 poeta
299 2979 346 3047 τὴν
363 2980 459 3050 ἔχθραν
476 2980 652 3051 προίστασθαι
666 2990 693 3034 et
707 2980 787 3049 quasi
802 2979 908 3049 primas
926 2989 1021 3048 partes
1039 2979 1170 3033 carminis
1190 2978 1256 3032 odio
1269 2978 1346 3034 dare.

197 3050 310 3103 Eodem
334 3051 420 3104 modo
443 3053 653 3105 Demosthenes
678 3049 707 3104 in
729 3049 855 3104 oratione
876 3051 935 3117 περὶ
959 3053 1006 3103 τοῦ
1030 3051 1163 3117 Στεφάνου
1186 3049 1230 3102 bis
1252 3050 1347 3118 posuit

196 3121 284 3174 uerba
304 3120 352 3174 illa
371 3123 478 3189 εὔχομαι
497 3120 563 3189 ὅσην
584 3123 683 3174 εὔνοιαν
701 3121 768 3191 ἔχων
789 3121 840 3189 ἐγώ
860 3121 1082 3174 διατελῶ-τοῦτα
1102 3122 1269 3189 παραστῆσαι
1287 3121 1347 3176 τοὺς

195 3189 270 3245 θεοὺς
291 3191 350 3259 ὑμῖν
373 3191 417 3260 (§§
437 3207 459 3257 1,
472 3192 510 3260 9).
600 3195 665 3247 135.
683 3195 875 3256 Pugnabunt
896 3207 972 3245 areu
992 3194 1068 3244 dum
1089 3194 1234 3246 Thraces.
1270 3191 1346 3246 Arcu

195 3277 323 3329 pugnare
344 3278 402 3315 non
419 3272 478 3316 erat
498 3262 641 3316 Thracum
658 3262 705 3331 qui
722 3262 859 3330 μαχαίραις
874 3259 998 3315 ἀκοντίοις
1014 3261 1176 3330 rhompaeis
1195 3261 1346 3315 utebantur

197 3329 299 3396 (Thuc.
312 3330 340 3385 ii.
354 3333 396 3400 98,
414 3333 487 3387 Xen.
502 3335 589 3386 Mem.
604 3331 640 3387 iii.
654 3347 679 3401 9.
693 3347 718 3400 2,
733 3331 792 3386 Liu.
806 3331 876 3386 xxxi.
890 3331 945 3400 39).
985 3334 1084 3401 ltaque
1101 3331 1211 3386 uidetur
1225 3331 1345 3386 Ouidius

196 3401 285 3455 Getas
304 3401 458 3472 intelligere
477 3402 524 3472 qui
543 3420 642 3457 omnes
661 3405 828 3470 ἱπποτοξόται
847 3412 926 3456 erant
946 3401 1046 3470 (Thuc.
1060 3401 1087 3456 ii.
1101 3401 1156 3472 96).
1195 3404 1257 3455 Hos
1277 3420 1346 3474 arca

186 3472 259 3540 siros
271 3470 339 3526 dicit
353 3474 434 3527 Pont.
447 3473 483 3527 iv.
496 3488 521 3542 9.
534 3475 576 3541 78,
590 3474 624 3528 cf.
638 3473 673 3528 iv.
690 3489 728 3541 13.
742 3486 775 3541 35
789 3473 890 3543 plenas
901 3473 1061 3542 pharetras,
1075 3481 1102 3526 et
1118 3472 1147 3525 in
1159 3469 1288 3526 Bestonz'o
1301 3474 1347 3526 uel

195 3540 318 3596 Thracio
335 3542 415 3596 litore
433 3544 552 3597 collocat
572 3546 652 3598 Pont.
666 3543 701 3598 iv.
718 3559 756 3598 10.
774 3559 795 3597 1.
832 3547 961 3608 Iazyges
975 3543 1067 3596 Strab.
1081 3543 1132 3610 306
1145 3552 1296 3612 postquam
1309 3543 1345 3597 de

196 3611 282 3666 Olbia
295 3613 501 3691 Borysthenide
514 3613 592 3682 dixit,
605 3613 619 3680 'i
634 3614 661 3666 δὲ
673 3613 838 3684 ὑπερκειμένη
855 3617 928 3668 πᾶσα
945 3614 1019 3681 χώρα
1036 3616 1082 3664 τοῦ
1098 3613 1236 3680 λεχθέντος
1247 3613 1344 3681 μεταξὺ

194 3682 372 3752 Βορυσθένους
384 3685 424 3737 καὶ
433 3681 542 3754 Ἴστρου
558 3686 646 3751 πρώτη
661 3684 709 3751 μέν
725 3684 797 3738 ε’στιν
813 3682 828 3749 ἡ
846 3689 896 3736 τών
908 3687 990 3736 Γετῶν
1006 3681 1104 3750 ε’ρημία,
1120 3683 1208 3735 ἔπειτα
1225 3683 1249 3734 oi
1266 3691 1345 3751 Τυρε-

194 3752 274 3822 γε’ται,
287 3753 343 3820 μεθ’
357 3753 401 3809 οὓς
413 3755 438 3806 oi
449 3753 560 3825 Ἰάζυγες
572 3755 709 3824 Σαρμάται.
745 3756 837 3808 hasta
850 3754 952 3807 Strabo
966 3752 1001 3806 de
1014 3752 1168 3806 Roxolanis
1182 3752 1279 3806 dicens
1292 3754 1345 3820 306

194 3821 335 3892 ἇμυντηρια
347 3824 451 3893 ἔχοντες
464 3826 504 3878 καὶ
517 3828 631 3895 λόγχαι
647 3827 687 3878 καὶ
699 3825 776 3890 τόξον
789 3826 829 3877 καὶ
841 3823 927 3893 ξίφος,
940 3826 1051 3876 τοιοῦτοι
1063 3822 1090 3874 δὲ
1104 3823 1206 3875 καὶτῶν
1219 3823 1308 3876 ἄλλων
1320 3825 1345 3876 οἱ

193 3893 308 3948 πλείους.
388 3897 453 3950 136.
471 3899 597 3961 tepidus
617 3899 749 3961 Ganges.
790 3893 870 3948 Prius
889 3893 1002 3960 Χλιαρὸτ
1021 3893 1178 3961 appellatus
1199 3902 1249 3961 est,
1271 3894 1343 3948 Plut.

195 3963 256 4018 Flu.
269 3978 295 4029 4.
328 3965 405 4018 Nam
418 3975 515 4035 tepent
529 3966 628 4020 Indiae
640 3966 726 4035 fluuii,
740 3975 770 4019 ut
784 3964 895 4019 Curtius
908 3963 964 4018 viii.
977 3979 995 4032 9
1007 3979 1093 4016 unum
1106 3963 1226 4032 excipiat
1241 3964 1344 4017 Indum

194 4033 241 4102 qui
257 4035 383 4104 gelidior
399 4041 441 4089 est
460 4053 546 4106 quam
566 4039 657 4092 ceteri.
781 4039 844 4092 137.
863 4039 971 4089 mollia
992 4051 1026 4088 ex
1046 4033 1141 4087 herbis
1163 4036 1203 4088 M.
1224 4032 1270 4088 vii.
1291 4035 1344 4100 284

183 4103 328 4174 floresque
343 4111 370 4157 et
388 4107 486 4160 mollia
503 4108 612 4176 pabala
630 4111 761 4176 surgant.
850 4108 917 4160 140.
935 4109 970 4159 in
990 4107 1094 4158 mania
1114 4114 1178 4158 tuos
1197 4107 1344 4158 manibus

193 4173 264 4228 meis
284 4179 373 4230 dabo.
411 4176 557 4246 Significat
577 4177 765 4247 constantiam
783 4193 840 4246 qua
858 4175 943 4230 etiam
961 4185 1087 4229 mortuus
1106 4174 1231 4227 animum
1253 4184 1344 4228 reten-

193 4253 271 4298 turus
285 4245 320 4299 sit
334 4262 418 4316 quem
431 4247 460 4299 in
475 4247 539 4300 Ibin
552 4247 633 4301 uiuus
646 4246 784 4300 habuerit.
874 4248 936 4302 141.
955 4249 1097 4310 dilapsus
1108 4249 1143 4298 in
1156 4261 1257 4313 auran
1271 4246 1342 4300 Aen.

192 4313 228 4368 iv.
242 4316 293 4383 385
308 4317 379 4370 Cum
392 4317 508 4387 frigida
527 4335 603 4371 mors
619 4319 717 4371 anima
736 4317 880 4370 seduxerit
899 4322 980 4369 artus
1004 4316 1139 4369 Omnibus
1159 4316 1259 4368 umbra
1277 4316 1345 4369 locis

192 4385 285 4453 adero,
297 4386 377 4441 dabis
388 4388 503 4456 inprobe
509 4392 623 4458 poenas,
636 4388 765 4441 Audiam
777 4393 805 4440 et
819 4387 886 4441 haec
903 4388 995 4440 manes
1013 4388 1106 4440 ueniet
1116 4386 1190 4439 milti
1195 4385 1282 4456 sama
1293 4388 1344 4439 sab

193 4457 272 4508 imos.
368 4461 474 4513 142-4.
495 4459 535 4513 Cf.
552 4461 654 4528 Mayor
667 4459 704 4511 ad
719 4460 816 4512 quen.
830 4457 885 4511 xiii.
899 4472 959 4512 221.
1061 4459 1128 4509 144.
1146 4460 1299 4520 Insequar
1312 4464 1344 4512 et

193 4529 311 4581 uultus.
358 4529 428 4583 Hor.
448 4529 540 4598 Epod.
559 4548 584 4583 v.
605 4542 638 4597 93
659 4531 812 4598 Petamque
836 4529 935 4582 uultus
956 4528 1056 4582 ambra
1075 4529 1171 4582 curuis
1192 4528 1342 4598 unguibus,
