3296 5210
651 451 874 512 EXCVRSVS.
1282 453 1339 508 183
1419 441 1422 448 ’

184 607 214 663 S.
232 605 271 662 iii.
289 623 314 676 3.
331 609 375 676 61,
392 623 407 662 2
426 609 585 678 Hermique
603 608 718 676 uadum,
737 625 792 678 quo
810 607 919 678 Lydius
936 607 1030 660 intrat
1046 605 1175 661 Bacchus
1192 610 1220 660 et
1236 611 1340 662 aurato

183 681 274 750 reficit
284 696 338 733 sua
349 696 456 733 cornua
468 680 537 735 iimo
551 679 651 733 Hermi
664 679 769 733 flumen
782 695 848 732 curn
861 677 967 732 Bacchi
981 678 1057 732 cultu
1070 676 1222 732 coniunxit.

220 750 267 803 Ad
284 753 349 817 517,
361 754 428 805 518.
451 749 572 804 Faciunt
591 750 678 804 uerba
697 749 855 819 cupidine
874 747 987 803 mortis
1006 758 1037 803 ut
1054 748 1090 804 de
1108 746 1340 818 interpretatione

185 820 327 890 Leopardi
339 821 492 876 haeream:
511 837 569 875 non
582 820 659 875 enim
671 820 743 874 mori
756 819 873 902 cupiens
886 818 937 874 sed
950 817 1043 889 potius
1056 828 1134 873 metu
1147 836 1183 874 ne
1196 818 1225 872 in
1237 835 1340 874 manus

185 891 341 946 Ptolemaei
352 891 460 946 ueniret
470 891 603 946 Incendio
611 891 732 946 Biothea
741 907 832 960 perire
842 889 1003 945 destinauit.
1027 891 1109 944 Idem
1119 889 1239 945 suadent
1250 890 1338 944 uerba

184 978 367 1017 succensae
383 979 493 1031 pyrae,
506 962 593 1017 etiam
609 963 729 1016 fortasse
747 961 804 1016 des
819 970 875 1016 tua
890 961 1036 1016 membra
1053 961 1248 1015 cremanda:
1271 977 1338 1015 nam

184 1032 232 1087 illa
248 1050 349 1103 pyram
366 1032 450 1088 solito
467 1049 545 1088 more
558 1043 694 1088 structam
709 1041 894 1102 paratamque
907 1041 937 1086 ut
950 1031 1071 1086 subditis
1084 1031 1193 1086 facibus
1206 1031 1339 1086 Incende-

184 1113 269 1170 retur,
287 1103 358 1158 haec
380 1104 569 1159 uoluntarIam
591 1120 723 1185 poenam,
742 1105 788 1158 uel
809 1101 958 1158 transitum
981 1103 1016 1157 de
1038 1101 1097 1157 uita
1119 1101 1279 1157 mortalium
1301 1103 1340 1157 ad

184 1173 375 1228 immortalem
388 1174 478 1245 qualis
494 1175 603 1229 Callani
616 1174 666 1230 luit
680 1174 811 1229 uidentur
824 1173 993 1243 significare.
1031 1174 1107 1228 Sane
1119 1190 1177 1227 non
1190 1190 1254 1227 rara
1265 1174 1338 1228 haec

185 1261 262 1300 mors
284 1244 357 1300 Inter
378 1244 510 1315 antIquos
534 1245 593 1300 Cic.
615 1246 651 1299 de
674 1244 771 1299 Diuin.
791 1245 809 1298 i.
828 1259 871 1312 23·
893 1257 926 1312 47
952 1245 1006 1298 Ad
1023 1250 1141 1298 mortem
1160 1246 1340 1315 pressu-escaus

185 1315 324 1370 Callanus
347 1316 439 1371 Indus
460 1333 525 1371 cum
548 1317 719 1371 inscenderet
741 1318 773 1369 in
797 1332 899 1386 rogum
925 1317 1068 1370 ardentem
1093 1314 1136 1369 ‘0
1155 1316 1338 1384 praeclarum

183 1387 344 1440 descessum’
353 1388 449 1456 inquit
461 1387 486 1441 ‘e
498 1388 569 1455 uita,
579 1404 642 1441 cum
655 1392 689 1441 ut
698 1387 822 1441 Herculi
831 1388 957 1456 contigit,
968 1387 1087 1440 mortali
1096 1391 1209 1455 corpore
1217 1392 1340 1440 cremato

182 1458 215 1510 in
227 1456 317 1511 lucem
330 1459 445 1511 animus
456 1459 617 1514 excesserit!
644 1460 729 1512 Tusc.
744 1457 827 1527 Disp.
842 1457 869 1510 ii.
880 1472 923 1510 22.
935 1469 976 1526 5²·
1008 1458 1080 1511 Plut.
1094 1457 1175 1510 Alex.
1188 1455 1253 1511 lxvii
1266 1455 1297 1509 ‘0
1310 1456 1339 1509 δὲ

184 1529 321 1583 Καλλονὸς
332 1528 442 1582 ἐνταῦθα
457 1532 554 1598 χρόνον
566 1529 596 1582 οὗ
608 1529 692 1584 πολὺν
704 1529 753 1582 ὑπὸ
771 1530 869 1584 κοιλίας
880 1527 1028 1599 ἐνοχληθείς
1044 1524 1158 1596 ήτῄσατο
1173 1529 1258 1598 πυρὰν
1269 1527 1338 1598 αὐτῷ

183 1597 315 1667 γενέσθαι.
352 1599 402 1652 Καὶ
418 1600 550 1667 κομισθεὶς
565 1597 635 1671 ἵππῳ
647 1600 712 1667 πρὸς
723 1597 810 1666 αὐτήν,
822 1598 992 1668 ἐπευξάμενος
1004 1599 1045 1652 καὶ
1058 1598 1234 1653 κατασπείσας
1246 1599 1338 1652 ἑαυτοῦ

184 1669 225 1722 καὶ
237 1673 288 1722 τῶν
300 1674 396 1739 τριχῶν
407 1669 594 1739 ἀπαρξάμενος,
604 1670 747 1733 ἀναβαίνων
757 1669 889 1738 ἐδεξιοῦτο
901 1669 961 1726 τοὺς
972 1671 1101 1738 παρόντας
1112 1674 1162 1722 τῶν
1175 1667 1339 1736 Μακεδόνων,

184 1739 225 1792 καί
241 1741 381 1806 παρεκάλει
398 1739 444 1808 τήν
455 1739 551 1811 ἡμέραν
563 1741 659 1809 ἐκείνην
671 1739 750 1808 ήδίως
761 1739 883 1810 γενέσθαι
897 1743 939 1793 καὶ
953 1739 1111 1807 μεθυσθῆναι
1123 1740 1187 1807 μετὰ
1200 1743 1245 1792 τοῦ
1256 1740 1338 1802 βασι-

183 1809 258 1877 λέως,
270 1810 348 1864 αὐτὸν
360 1810 388 1864 δὲ
402 1810 499 1866 ἐκεῖνον
515 1811 567 1882 ἔφη
583 1810 637 1881 μετ’
649 1811 740 1882 ὀλίγον
752 1813 847 1881 χρόνον
859 1811 887 1864 ἐν
899 1812 1034 1874 Βαβυλῶνι
1050 1809 1176 1880 ὄψεσθαι.
1212 1813 1298 1864 Ταῦτα
1314 1808 1338 1865 δ’

183 1880 261 1934 εἰπὼν
274 1880 433 1936 κατακλιθεὶς
445 1883 737 1953 καὶσυγκαλυψάμενος
749 1883 794 1936 οὒκ
806 1880 907 1950 ἐκινήθη
920 1885 967 1935 τοῦ
979 1882 1059 1951 πυρὸς
1069 1882 1268 1948 πλησιάζοντος,
1276 1878 1338 1935 ἀλλ’

183 1949 211 2004 ἐν
227 1947 249 2022 ᾦ
265 1952 399 2020 κατεκλίθη
417 1951 541 2023 σχήματι,
553 1958 631 2008 τοῦτο
648 1953 773 2023 διατηρῶν
788 1953 974 2023 ἐκαλλιέρησεν
992 1953 1081 2006 ἑαυτὸν
1099 1954 1133 2004 τ’
1153 1953 1251 2022 πατρίῳ
1270 1954 1338 2024 νόμῳ

183 2026 235 2075 τῶν
254 2022 308 2076 ἐκεῖ
329 2025 477 2092 σοφιστῶν.
514 2024 624 2079 Similia
643 2024 746 2079 Strabo
765 2025 889 2094 715-716
910 2023 957 2078 ubi
980 2022 1049 2078 diest
1068 2024 1091 2078 C
1131 2039 1217 2078 anum
1236 2023 1340 2094 ἐξάγειν

184 2093 274 2146 ἑαυτὸν
292 2093 334 2146 διὰ
351 2096 440 2164 πυρός,
459 2093 572 2163 νήσαντα
588 2098 679 2166 πυράν,
699 2096 910 2164 ὑπαλειψάμενον
928 2095 956 2148 δὲ
975 2095 1015 2147 καὶ
1034 2093 1201 2149 καθίσαντα
1218 2094 1268 2148 ἐπὶ
1285 2094 1337 2162 τήν

183 2164 281 2232 πυρὰν
303 2164 429 2233 ὑφάψαι
454 2164 573 2220 κελεύειν.
629 2168 663 2220 In
688 2165 789 2236 quibus
815 2175 845 2220 ut
869 2165 977 2234 ὑφάψαι
1001 2165 1039 2219 ad
1063 2165 1182 2220 uerbum
1207 2164 1337 2247 exprimit

183 2249 335 2303 succensae,
357 2234 398 2290 sle
420 2252 493 2306 quae
515 2254 549 2292 ex
572 2238 760 2306 Megasthene
785 2235 905 2305 sumpsit
928 2236 1031 2291 Strabo
1052 2246 1199 2306 tamquam
1221 2236 1298 2291 dicta
1320 2253 1338 2292 a

185 2305 303 2359 Callano
317 2306 368 2371 718
387 2305 521 2361 ἀποθανὼν
539 2307 568 2361 δέ
585 2307 765 2374 ἀπαλλάξαιτο
782 2309 827 2375 τῆς
845 2306 1037 2376 τετρυχωμένης
1057 2307 1109 2360 ἀπὸ
1128 2305 1213 2376 γήρως
1231 2310 1337 2376 σαρκός,

183 2377 314 2444 μεταστὰς
330 2376 366 2431 είς
382 2377 478 2440 βελτίω
496 2380 536 2432 καί
551 2378 728 2448 καθαρώτερον
739 2378 798 2441 βίον
810 2376 880 2431 mire
893 2376 1065 2432 conuenIunt
1078 2375 1112 2430 iis
1126 2393 1198 2447 quae
1212 2376 1240 2430 in
1256 2377 1337 2432 Ibide

184 2455 249 2500 sunt
268 2447 426 2517 cupidIne
445 2449 567 2504 mortis.
607 2449 719 2504 Curtius
736 2449 772 2503 de
790 2448 869 2503 Indis
887 2447 1062 2518 sapientibus
1077 2446 1132 2502 viii.
1147 2462 1165 2516 9
1182 2448 1274 2514 Viam,
1288 2448 1338 2516 ait,

183 2519 306 2571 cremari
320 2535 350 2572 se
366 2519 462 2572 iubent
478 2522 580 2590 quibus
595 2526 648 2573 aut
664 2521 757 2590 segnes
775 2525 853 2573 aetas
870 2525 923 2573 aut
939 2519 1113 2572 incommoda
1131 2519 1262 2573 ualitudo
1277 2525 1339 2574 est:

183 2591 355 2657 expectatam
372 2596 489 2644 mortem
503 2595 559 2661 pro
574 2591 701 2646 dedecore
715 2592 792 2644 uitae
807 2590 916 2657 natent,
930 2606 979 2643 nec
993 2589 1072 2642 ullus
1083 2589 1252 2659 corporibus,
1265 2606 1338 2659 quae

169 2664 306 2713 'senectus
322 2661 416 2730 soluit,
433 2660 520 2715 Itonos
536 2663 673 2716 redditur.
713 2663 798 2716 Hanc
816 2670 937 2715 mortem
955 2659 1055 2714 habuit
1071 2659 1191 2729 Augusti
1208 2669 1337 2730 tempore

183 2729 304 2785 Athenis
321 2730 384 2800 ipso
402 2743 552 2803 praesente
569 2735 699 2801 Augusto
713 2731 792 2787 Ἰνδὸς
810 2731 943 2801 σοφιστὴς
961 2747 1045 2801 quem
1065 2731 1168 2785 Strabo
1185 2731 1336 2785 Zarmano-
1391 2755 1394 2761 ·

183 2799 293 2869 chegan
313 2800 399 2870 (720),
417 2802 494 2856 Dion
515 2804 573 2873 (liv.
591 2809 620 2872 9)
639 2804 792 2858 Zarmaron
810 2811 903 2870 uocat,
922 2801 1002 2856 cuius
1021 2802 1150 2870 sepulcro
1169 2801 1337 2871 inscrIptum

183 2879 227 2924 est
243 2873 444 2944 Ζαρμανοχήγας
456 2871 538 2929 Ἰνδὸς
553 2874 603 2927 ἀπὸ
620 2876 756 2943 Βαργόσης
772 2874 836 2927 κατὰ
852 2873 883 2927 τὰ
899 2873 994 2942 πάτρια
1007 2871 1094 2925 Ἰνδῶν
1107 2872 1153 2940 ἔθη
1169 2872 1258 2925 ἑαυτὸν
1270 2872 1336 2926 ἀπα-

183 2940 323 2998 θανατίσας
335 2946 422 3000 κεῖται.
461 2947 506 2998 De
519 2961 554 2999 eo
568 2945 645 2999 Dion
660 2944 729 2999 dicit
745 2943 908 2999 ἀποθανεῖν
922 2942 1073 3010 ἐθελήσας
1088 2941 1185 3012 ἐμυήθη
1197 2964 1226 2996 τε
1237 2943 1270 2996 τὰ
1282 2946 1338 2997 τοῖν

183 3011 253 3066 θεοῖν
266 3051 273 3068 .
287 3049 294 3068 .
307 3051 315 3067 .
327 3015 369 3067 καί
380 3015 442 3085 πυρί
455 3016 545 3069 ἑαυτὸν
557 3018 651 3082 ζῶντα
665 3014 820 3083 ἐξέδωκεν.
1180 3061 1182 3066 .

219 3082 315 3138 Etiam
333 3101 368 3138 ex
384 3085 498 3141 athletis
516 3096 774 3141 commemorantur
786 3084 833 3168 qui
851 3086 926 3140 hunc
939 3084 1044 3140 exitum
1062 3085 1239 3140 habuerunt:
1259 3085 1335 3141 uelut

182 3151 351 3210 Timanthes
370 3155 417 3211 ille
436 3158 594 3212 Cleonaeus
613 3174 658 3226 ap.
680 3159 763 3211 Paus.
779 3175 816 3211 v1.
832 3157 848 3211 8
868 3174 932 3211 cum
951 3155 1101 3211 deficiente
1119 3157 1220 3211 robore
1238 3173 1336 3210 arcum

182 3221 329 3280 intendere
351 3243 408 3281 non
430 3226 487 3282 iam
509 3237 615 3297 posset,
634 3228 663 3281 in
682 3228 830 3282 ardentem
849 3244 948 3297 pyram
967 3227 1049 3281 uiuus
1068 3244 1099 3281 se
1118 3226 1232 3282 iniecit:
1259 3227 1336 3298 quod

181 3293 291 3350 facinus
316 3313 381 3352 cum
406 3297 507 3353 ceteris
531 3299 659 3353 eiusdem
683 3298 761 3352 modi
786 3299 831 3353 uel
856 3308 923 3352 ante
947 3298 1031 3352 editis
1056 3298 1102 3352 uel
1126 3308 1191 3369 post
1215 3296 1338 3353 edendis¹

182 3365 318 3436 exempIIs
337 3367 466 3424 insaniae
483 3379 603 3438 partem,
621 3387 679 3423 non
697 3368 809 3423 uirtutis
829 3368 986 3423 Pausanias
1004 3368 1111 3423 habuit.

220 3436 293 3491 Illud
306 3455 375 3494 sane
387 3439 489 3493 mitum
502 3441 538 3495 de
552 3441 596 3494 his
611 3439 700 3494 Ibidis
713 3439 841 3494 uersibus
855 3439 931 3521 quod
950 3439 1007 3494 iam
1020 3439 1147 3494 Alciatus
1160 3439 1335 3508 obseruarat,

181 3522 239 3560 non
269 3508 354 3578 longe
378 3510 479 3565 abesse
503 3527 608 3565 nomen
634 3511 717 3581 quale
747 3510 776 3564 in
806 3510 953 3565 codrcibus
983 3509 1125 3564 inuenitur
1148 3511 1282 3565 Broteam
1308 3513 1335 3564 G

181 3575 275 3632 broten
297 3581 322 3633 T
346 3580 488 3636 bratteam
511 3582 548 3637 de
571 3583 653 3636 Mure
673 3580 814 3651 protnean
835 3581 894 3635 Pal.
920 3593 987 3648 1709
1011 3597 1028 3634 a
1052 3579 1167 3635 nomine
1192 3580 1240 3635 illo
1265 3581 1335 3636 satis

181 3648 285 3702 celebri
305 3651 448 3721 Peregrini
469 3651 561 3707 Protei
581 3651 617 3706 de
636 3668 691 3723 quo
711 3652 783 3705 haec
803 3650 833 3704 In
859 3651 963 3705 Euseb.
980 3651 1082 3704 Chron.
1107 3651 1151 3705 01.
1172 3651 1296 3706 ccxxxvi.
1313 3667 1335 3720 1,

185 3718 233 3784 167
247 3731 276 3775 Α.
286 3731 315 3774 1).
336 3732 432 3777 extant
450 3724 531 3794 apud
545 3724 630 3777 Pism
647 3723 821 3792 Peregrinus
831 3721 963 3792 filososus
981 3737 1049 3792 rogo
1067 3722 1145 3790 quod
1161 3721 1184 3789 (i
1190 3721 1283 3792 quem)
1300 3740 1338 3776 ex

181 3789 270 3861 lc'gnis
281 3796 465 3863 conposuerat
476 3795 586 3848 incenso
597 3799 682 3848 semet
692 3794 850 3863 supem‘ecit.
887 3793 933 3846 De
947 3791 1029 3846 huius
1046 3791 1098 3845 uiri
1117 3801 1209 3846 morte
1222 3791 1335 3861 scripsit

182 3860 323 3917 Lucianus
337 3862 462 3919 libellum
479 3865 650 3934 singularem
669 3865 734 3933 Περὶ
752 3865 797 3931 τῆς
813 3864 970 3933 Περεγρίνου
986 3863 1115 3929 τελευτῆς,
1133 3861 1161 3916 in
1175 3878 1231 3932 quo
1244 3862 1334 3931 philo-

181 3932 304 4001 sophum
322 3949 375 3988 nec
395 3935 487 3990 Gellio
508 3935 574 4004 (viii.
589 3951 614 4003 3,
626 3935 673 3988 xii.
689 3934 731 4003 11)
751 3943 945 4004 contemptum
964 3949 1017 3987 nec
1036 3932 1189 3987 Ammiano
1208 3932 1290 4003 (xxix.
1308 3932 1334 4002 1)

181 4002 259 4057 omni
284 4005 455 4060 contumelia
479 4006 633 4061 insectatus
658 4015 710 4060 est.
749 4003 871 4073 Cynicus
900 4004 960 4072 fuit,
985 4004 1060 4059 unde
1085 4007 1100 4056 ὅ
1124 4002 1191 4056 κύων
1213 4003 1335 4071 Πρωτεὺς

181 4071 274 4127 dictus
289 4085 332 4130 est
349 4075 520 4132 Philostrato
534 4077 600 4148 (Vit.
616 4076 740 4146 Sophist.
753 4075 780 4130 ii.
797 4076 840 4144 13)
854 4075 933 4130 cuius
950 4076 1022 4130 haec
1039 4084 1105 4130 sunt
1123 4075 1211 4129 uerba
1218 4069 1273 4128 Ἠν
1287 4074 1337 4141 μὲν

180 4143 231 4234 ψὰρ
250 4149 301 4198 τῶν
318 4144 384 4200 οὕτω
403 4146 553 4218 θαρῤαλίως
569 4146 792 4218 φιλοσοφούντων
809 4150 824 4200 ὁ
843 4146 964 4214 Πρωτεὺς
982 4145 1064 4212 οὗτος,
1083 4146 1118 4202 ὡς
1135 4145 1162 4201 ἐς
1179 4149 1230 4215 πῦρ
1243 4145 1335 4198 ἐαυτὸν

180 4235 210 4266 εν
226 4212 356 4285 ὀλυμιιίη
373 4216 473 4287 ῥίψαις
495 4218 597 4289 quibus
616 4218 691 4274 adde
710 4217 789 4273 Tert.
808 4217 847 4272 ad
867 4219 951 4272 Mart.
964 4231 991 4283 4.
1010 4235 1036 4288 p.
1048 4217 1099 4286 625
1122 4215 1221 4285 Migne
1239 4215 1334 4270 Hera·

179 4286 272 4354 clitus,
282 4289 369 4357 quise
376 4289 477 4343 bubulo
488 4296 606 4343 stercore
618 4290 735 4343 oblitum
746 4290 862 4357 exussit,
874 4291 941 4343 item
951 4289 1139 4358 Empedocles,
1152 4289 1205 4357 qui
1215 4288 1246 4341 in
1255 4287 1335 4359 ignes

181 4357 305 4412 Aetnaei
315 4361 420 4414 montis
428 4360 566 4414 dissiliuit
577 4359 605 4428 (l.
612 4360 770 4430 desiliuit);
787 4367 814 4414 et
825 4360 1007 4430 Peregn'nus,
1017 4361 1070 4429 qui
1079 4375 1137 4412 non
1146 4359 1213 4412 olim
1226 4375 1254 4412 se
1266 4374 1336 4429 rogo

180 4429 308 4496 immisit,
320 4446 385 4483 cum
389 4431 517 4500 feminae
529 4448 637 4501 quoque
648 4432 864 4501 contempserint
874 4433 961 4501 egnes.
998 4430 1045 4484 Ad
1061 4431 1137 4484 hunc
1151 4429 1334 4499 Peregrinum

181 4497 242 4553 siue
262 4501 364 4555 Protea
376 4501 503 4557 Achatus
521 4502 609 4557 uerba
625 4501 714 4556 Ibidis
733 4501 835 4569 retulit,
849 4501 991 4556 dIstichon
1010 4511 1087 4555 ratus
1105 4510 1170 4571 post
1190 4499 1333 4570 Peregrini

181 4579 302 4625 mortem
327 4571 445 4628 carmini
470 4572 588 4628 inlatum
613 4589 685 4628 esse.
706 4573 781 4628 ‘Sed
807 4571 974 4642 Peregrinus
1000 4571 1045 4627 ille
1068 4569 1198 4642 quamuis
1220 4581 1335 4642 propter
