3312 5200
591 429 941 492 COMMENTARIVS.
1290 438 1346 494 118

191 589 269 659 quod
289 590 320 642 B.
336 589 367 642 P.
383 589 420 642 N.
439 587 574 657 scriptum
593 587 680 642 luisse
697 597 817 643 testatur
834 587 969 643 Schottus
985 587 1023 642 ad
1039 589 1105 643 Sen.
1120 589 1202 643 Cont.
1215 606 1240 645 x.
1256 589 1346 646 Praei.

190 663 258 714 221.
276 663 412 724 inpurae
424 658 563 726 significat
576 657 739 727 inpudicam
754 659 826 726 (Cat.
838 659 902 713 lxvi.
912 658 957 726 84)
971 669 999 712 01
1012 657 1125 713 infimae
1138 658 1231 714 sortis.
1275 676 1347 724 pro·

189 735 301 795 lapsus
312 731 387 784 Salu.
398 730 478 783 affert
489 729 609 783 Phaedr.
620 729 658 783 iii.
673 742 711 797 15.
722 730 775 794 4-6
787 731 854 782 Nou
867 730 948 784 illam
958 746 1070 798 quaero,
1081 747 1153 800 quae
1161 747 1224 784 cum
1234 731 1347 785 libitum

189 808 239 869 est,
250 802 377 871 concipit,
388 802 463 854 Dein
471 803 572 870 portat
583 817 655 853 anus
666 802 795 870 ignotum
807 803 890 854 certis
902 801 1049 865 mensibus,
1059 803 1221 854 Nouissime
1228 803 1347 872 prolap-

189 890 253 926 sam
264 873 386 941 effundit
396 873 538 925 sarcinam
551 871 587 924 de
600 881 681 940 partu
694 881 801 924 temere
814 881 952 940 concepto
964 871 1106 942 editoque.
1164 875 1233 926 222.
1254 876 1346 938 orny-

189 946 310 1008 phium.
348 944 415 996 Non
435 942 520 996 credo
541 941 643 1009 respici
665 941 758 995 hircos
779 941 934 1012 Cinyphius
954 942 1001 1011 (G.
1018 941 1055 996 iii.
1070 957 1130 1010 312,
1150 943 1199 998 Sil.
1217 942 1253 997 iii.
1273 944 1346 1012 276),

190 1031 257 1067 cum
276 1013 338 1067 sine
356 1012 517 1066 huiusmodi
536 1011 742 1080 significatione
761 1012 874 1081 saepius
892 1029 948 1066 uox
966 1023 1122 1082 usurpetur,
1137 1014 1217 1068 Pont.
1232 1013 1259 1068 ii.
1274 1027 1298 1080 7.
1312 1027 1345 1083 25

192 1085 222 1138 C.
232 1086 340 1155 segetis,
355 1085 395 1138 M.
405 1103 448 1137 xv.
460 1095 511 1150 755
526 1084 556 1137 C.
566 1083 674 1150 Iubam,
684 1101 710 1137 v.
724 1097 773 1149 124
787 1084 816 1137 C.
826 1084 945 1152 Pelates,
959 1085 1036 1138 Grat.
1049 1086 1118 1182 Cyn.
1130 1099 1164 1151 34
1178 1085 1207 1138 C.
1214 1085 1345 1166 paludes.

190 1158 283 1209 foedo
295 1162 392 1223 utpote
405 1154 521 1208 sordida
534 1163 624 1208 matre
636 1163 729 1208 natus.
791 1158 908 1218 pressit
924 1157 1058 1208 humum
1085 1165 1184 1209 natum
1197 1156 1346 1224 significat.

191 1225 269 1279 humi
284 1225 359 1279 enim
372 1224 419 1294 qui
433 1225 491 1278 nati
501 1234 581 1279 erant
591 1223 813 1304 deponebantur.
845 1226 916 1279 Stat.
928 1226 956 1280 S.
968 1224 984 1279 i.
994 1240 1017 1278 2.
1030 1240 1080 1293 109
1093 1227 1194 1279 tellure
1205 1228 1347 1280 cadentem

189 1297 316 1367 Excepi'
343 1296 492 1349 Turnebus
504 1295 577 1349 Adu.
591 1295 654 1348 xxii.
668 1310 709 1349 11.
746 1296 856 1349 Eadem
869 1296 923 1350 tria
935 1296 1023 1350 uerba
1035 1295 1146 1351 iterauit
1160 1298 1229 1352 Stat.
1245 1299 1274 1352 S.
1284 1316 1310 1351 v.
1323 1309 1346 1366 5.

190 1367 233 1435 60
325 1368 394 1420 223.
415 1369 549 1420 1111110100
561 1383 595 1420 ex
608 1366 759 1420 aduersum
772 1366 798 1420 ei
812 1367 875 1420 loco
887 1383 944 1436 quo
956 1377 984 1422 te
997 1376 1088 1420 mater
1099 1367 1217 1436 peperit.
1260 1372 1348 1423 bubo

192 1439 234 1492 M.
250 1450 273 1506 5.
289 1450 348 1506 549,
363 1437 411 1491 Sil.
425 1436 481 1492 viii.
494 1438 528 1504 63
533 1450 556 1505 5.
593 1435 748 1506 Hipponax
760 1436 792 1491 fr.
809 1449 841 1504 54
854 1438 948 1506 Bergk
961 1438 1034 1518 κριγι)
1047 1436 1075 1490 δὲ
1088 1443 1183 1507 νεκρῶν
1195 1437 1306 1508 ἄγγελός
1318 1459 1347 1492 τε

189 1508 232 1561 καὶ
245 1509 332 1578 κῆρυξ.
413 1511 484 1562 224.
503 1523 617 1573 greum
629 1507 667 1560 ad
679 1524 779 1562 uocem
792 1509 909 1562 refertur
923 1511 964 1562 M.
976 1508 1022 1562 xii.
1036 1523 1087 1575 203
1101 1510 1240 1579 grauiore
1252 1511 1346 1562 1111111-

189 1581 264 1633 sima
284 1580 361 1632 dixit
382 1579 469 1632 Verba
489 1595 563 1646 sono,
581 1582 749 1648 poteratque
768 1580 830 1632 uiri
849 1580 980 1632 uexilla
1001 1580 1103 1647 uideri,
1120 1596 1193 1649 quae
1215 1596 1280 1633 cum
1300 1579 1347 1633 hic

189 1649 318 1718 lugubris
331 1648 375 1716 sit,
388 1650 446 1704 sere
459 1649 535 1703 idem
548 1658 591 1704 est
604 1649 682 1719 quod
693 1649 825 1717 lugubres
840 1649 1050 1718 ‘melancholy.'
1152 1653 1222 1706 226.
1240 1653 1346 1715 palue-

189 1725 296 1776 tribus
315 1723 411 1774 undis
434 1722 473 1774 M.
491 1719 546 1775 xiv.
563 1735 621 1787 103.
657 1722 747 1774 Erant
769 1720 887 1788 paludes
909 1719 938 1774 in
959 1720 1074 1788 regione
1094 1719 1235 1789 Cinyphia
1254 1721 1346 1790 (Grat.

191 1794 263 1860 Cyn.
277 1790 332 1859 34).
364 1793 475 1844 Harum
489 1791 517 1844 in
530 1790 653 1860 aliquam
666 1799 776 1859 partem
789 1790 868 1859 fingit
882 1802 966 1860 poeta
980 1791 1075 1860 Stygis
1087 1791 1179 1844 undas
1192 1791 1345 1860 influxisse,

189 1863 267 1916 unde
285 1879 389 1932 aquam
406 1871 549 1916 sumerent
563 1861 737 1915 Eumenides
751 1878 807 1930 qua
823 1879 922 1916 recens
937 1872 1035 1916 natum
1053 1861 1190 1916 infantem
1209 1863 1345 1917 lauarent.

188 1935 305 2002 Aquam
323 1934 477 2002 palustrem
496 1932 566 1987 dixit
584 1942 614 1986 ut
632 1933 813 1986 deterrimum
831 1950 903 2002 quae
915 1935 1003 2004 pigro
1021 1933 1105 2003 lapsu
1124 1935 1199 2002 repit
1210 1935 1347 2003 pestilens

190 2005 301 2058 Colum.
319 2003 336 2057 i.
352 2016 375 2071 5.
482 2005 553 2057 228.
572 2019 652 2058 caua
669 2011 717 2057 aut
736 2003 774 2056 ad
792 2020 895 2057 cauum
913 2005 1030 2058 refertur
1048 2020 1105 2073 quo
1124 2019 1198 2073 aqua
1216 2004 1346 2058 consistit

190 2075 227 2129 ‘a
247 2075 315 2144 pool
337 2074 370 2127 of
386 2075 489 2143 water,'
509 2084 540 2128 ut
564 2091 637 2128 caua
655 2074 765 2143 palude
787 2075 848 2128 Cat.
867 2074 930 2128 xvii.
951 2089 977 2141 4,
1001 2076 1041 2129 Μ.
1060 2074 1096 2128 vi.
1116 2087 1165 2141 371
1189 2084 1246 2142 aut,
1268 2074 1346 2145 quod

189 2145 365 2215 exquisitim,
381 2145 419 2198 ad
437 2145 523 2200 rimas
542 2162 576 2198 ac
595 2155 705 2199 meatus
723 2162 774 2214 per
792 2161 863 2214 quos
882 2163 916 2199 ex
935 2144 1030 2198 inseris
1048 2145 1159 2198 ducitur
1174 2144 1312 2214 ‘through
1328 2162 1346 2200 a

189 2217 293 2269 hollow
310 2217 448 2270 chamuel)
561 2217 629 2271 227.
651 2218 806 2270 oolubrae.
840 2218 902 2270 Has
922 2215 1008 2269 etiam
1026 2233 1060 2269 ex
1080 2215 1209 2284 Cinyphe
1228 2215 1345 2284 induxit,

191 2289 234 2341 M.
247 2286 292 2340 vii.
310 2300 361 2353 272
380 2287 523 2356 Sq'uamea
543 2285 679 2356 Cinyphii
697 2288 791 2340 tenuis
811 2287 973 2340 membrana
993 2285 1123 2356 chelydri.
1178 2289 1251 2340 felle
1269 2287 1346 2356 quod

190 2374 334 2412 uenenum
355 2374 418 2412 esse
440 2356 613 2425 serpentium
635 2356 721 2411 tradit
744 2356 850 2410 Plinius
871 2359 908 2410 H.
930 2359 967 2410 N.
985 2355 1020 2410 xi.
1043 2357 1100 2424 163,
1124 2371 1180 2425 193,
1201 2356 1273 2410 xxix.
1295 2370 1344 2410 122

190 2427 360 2496 (Saluagn.).
434 2430 507 2482 228.
525 2433 706 2482 cruentatae
721 2427 859 2496 sanguine
871 2427 998 2481 nondum
1011 2426 1060 2480 loti
1074 2427 1198 2480 infantis.
1246 2431 1346 2480 inere·

190 2515 288 2564 puero
300 2514 415 2553 manua
427 2498 504 2568 quod
522 2498 624 2552 natalis
642 2497 754 2566 signum
770 2499 894 2552 faustum
911 2497 979 2551 dicit
997 2496 1158 2566 Propertius
1173 2496 1211 2550 iii.
1228 2511 1267 2552 10.
1282 2512 1305 2565 3,
1319 2513 1346 2563 4.

154 2576 157 2582 '
191 2569 336 2623 Nimirum
361 2569 405 2622 cui
429 2570 523 2624 fausta
543 2568 705 2622 ominantur
726 2568 909 2638 Eumenides,
932 2567 956 2622 is
978 2567 1022 2622 dis
1045 2567 1122 2622 iratis
1145 2578 1228 2622 natus
1250 2577 1293 2622 est
1316 2578 1345 2622 et

190 2640 287 2695 inlelix
299 2640 410 2695 euadet.
525 2643 596 2694 229.
614 2644 792 2695 inbuerant.
817 2641 878 2694 h.e.
895 2648 933 2708 et,
952 2656 1019 2692 nam
1038 2638 1195 2707 inbuerant,
1214 2637 1345 2707 perbibit.

191 2711 473 2781 Plusquamperfecto
490 2709 602 2765 uidetur
618 2710 721 2779 respici
740 2727 862 2780 sequens
879 2719 997 2764 euentus
1015 2712 1160 2764 Perbibit
1177 2712 1251 2763 inde
1269 2725 1346 2764 suae

189 2799 215 2836 r.
232 2799 272 2849 11,
291 2781 372 2850 quasi
394 2781 488 2836 dicat:
515 2783 561 2850 Et,
581 2781 647 2851 quia
669 2781 726 2835 iam
744 2791 872 2836 tenerum
894 2780 1043 2834 inb'uerant
1065 2779 1168 2834 canino
1188 2782 1270 2848 lacte,
1289 2779 1345 2848 pri-

190 2869 326 2923 mumque
348 2853 423 2907 hunc
445 2852 540 2906 cibum
562 2851 590 2905 in
609 2869 641 2906 os
664 2869 751 2921 puero
770 2851 939 2920 indiderant,
958 2852 1084 2906 fecerunt
1106 2861 1136 2904 ut
1158 2850 1237 2905 canis
1259 2850 1346 2906 ducta

190 2924 269 2979 rabie
294 2923 323 2976 in
348 2939 436 2977 uenas
461 2923 485 2976 is
509 2923 644 2978 euaderet
669 2922 716 2992 qui
740 2940 816 2977 nunc
840 2932 892 2989 est,
914 2923 1013 2976 rabula
1036 2921 1192 2975 maledicus
1216 2922 1346 2976 latrator-

190 3011 254 3064 que.
315 2996 453 3049 iniantia
470 2993 585 3048 infantis
604 3003 634 3047 ut
653 2994 779 3064 infantia
798 3010 860 3046 assa
880 2996 920 3048 M.
934 2992 969 3047 iv.
985 2994 1043 3061 518,
1062 2993 1113 3063 inf
1128 2997 1244 3063 pectora
1262 2994 1295 3046 F.
1308 2992 1344 3047 vi.

193 3077 251 3133 145.
333 3067 399 3120 281.
417 3068 561 3119 Perbibit
573 3064 747 3131 ‘absorbed,'
760 3064 841 3134 quasi
854 3073 914 3119 toto
927 3080 1053 3133 corpore.
1092 3065 1133 3116 M.
1146 3062 1181 3118 vi.
1195 3076 1246 3132 397
1264 3065 1347 3117 uenis

184 3136 309 3260 perbibit
326 3137 399 3190 imis.
459 3139 580 3191 rabiem
600 3137 639 3189 M.
656 3135 710 3190 xiv.
723 3135 759 3188 66
776 3152 878 3189 canum
896 3136 993 3188 rabies.
1054 3137 1189 3189 nutricis
1207 3133 1295 3202 canis,
1314 3143 1345 3189 ut

200 3224 258 3276 upa
280 3205 361 3260 altrix
383 3206 484 3260 dicitur
506 3209 709 3273 Romanorum,
731 3215 759 3260 et
780 3205 810 3258 hi
832 3205 938 3260 alumni
961 3205 1021 3260 eius
1044 3207 1126 3274 Prop.
1145 3205 1180 3260 iv.
1200 3220 1221 3259 1.
1240 3219 1282 3273 37,
1301 3206 1344 3272 38.

190 3280 261 3332 282.
282 3281 394 3332 Latrat
412 3280 495 3332 Rosc.
515 3281 578 3332 Am.
599 3279 613 3344 6
631 3290 662 3345 57
681 3277 749 3331 Alii
766 3275 960 3345 (accusatores)
979 3293 1059 3330 canes
1077 3278 1173 3346 quiet
1193 3277 1301 3331 latrare
1318 3281 1346 3329 et

190 3349 317 3402 mordere
329 3353 457 3419 possunt.
497 3350 604 3403 Colum.
625 3348 715 3402 Praei.
734 3346 750 3401 i.
767 3362 784 3416 9
805 3349 851 3400 Ne
868 3349 1002 3402 caninum
1020 3348 1141 3417 quidem,
1159 3349 1234 3400 silut
1250 3347 1346 3400 diacre

190 3425 304 3487 ueteres,
328 3420 456 3473 studium
478 3421 676 3489 praestantius
698 3418 947 3488 locupletissimum
971 3435 1106 3488 quemque
1129 3418 1298 3471 adlatrandi
1318 3423 1348 3471 et

190 3496 290 3545 contra
306 3493 508 3544 nunauntesae
518 3494 575 3560 pra
589 3491 756 3544 nocentibus.
781 3487 886 3557 (Fore.)
931 3493 1031 3543 uerba
1048 3492 1169 3542 00111110.
1209 3488 1256 3542 Sic
1269 3490 1345 3541 cani·

190 3579 259 3616 nam
272 3563 444 3631 facundiam
464 3559 612 3615 Sallustius
632 3577 678 3629 ap.
700 3562 777 3614 Lact.
794 3560 829 3614 vi.
847 3561 871 3628 8,
893 3561 967 3613 Non.
984 3559 1027 3624 60,
1045 3558 1140 3628 Appio
1159 3557 1189 3612 id
1210 3558 1345 3627 tribuens,

190 3634 324 3686 caninam
342 3632 529 3701 eloquentiam
547 3631 623 3686 idem
641 3631 751 3700 Appius
771 3648 815 3700 ap.
833 3629 947 3699 Quintil.
964 3629 1010 3684 xii.
1024 3645 1047 3698 9.
1062 3644 1080 3698 9
1096 3628 1203 3683 dixerat
1230 3627 1346 3697 (Foro).

190 3704 262 3758 Vell.
287 3704 316 3756 P.
338 3702 364 3755 ii.
384 3703 419 3756 62
444 3703 575 3756 tribunus
600 3703 761 3756 Cannutius
784 3703 889 3756 canina
912 3701 998 3754 rabie·
1012 3700 1152 3753 lacerabat
1175 3700 1344 3752 Antonium.

190 3776 261 3827 288.
288 3775 458 3838 ferrugine.
495 3772 630 3827 Luridum
655 3774 779 3826 colorem
801 3772 912 3826 uidetur
936 3769 1104 3839 significare,
1126 3780 1156 3824 ut
1182 3771 1217 3824 G.
1238 3771 1259 3823 l.
1282 3769 1347 3835 467,

190 3846 262 3898 Aen.
282 3843 317 3898 vi.
338 3859 399 3911 303,
421 3846 460 3898 Μ.
476 3862 519 3898 xv.
539 3845 599 3912 789,
619 3843 796 3913 Propertium
814 3843 933 3896 fortasse
952 3840 1077 3895 imitatus
1096 3839 1132 3894 iv.
1146 3855 1170 3908 3.
1187 3854 1219 3905 14
1241 3840 1347 3893 Traxit

190 3916 225 3969 ab
237 3929 332 3968 euerso
344 3916 456 3968 lumina
468 3917 554 3985 nigra
566 3931 640 3984 rogo.
696 3917 811 3978 pennis
828 3930 894 3966 cum
911 3921 1074 3980 contemptu
1090 3911 1126 3964 de
1140 3909 1236 3964 fasciis
1250 3910 1343 3978 (Truc

190 4003 216 4040 v.
231 3984 273 4053 13)
287 3985 389 4055 quibus
403 3985 619 4039 inuoluebantur
631 3985 762 4039 infantes.
833 3986 904 4039 234.
922 3987 1004 4036 male
1022 3987 1146 4037 deserto
1159 3980 1346 4034 ‘abandoned

191 4073 223 4110 as
237 4056 391 4123 accursed,'
401 4055 523 4110 hominis
538 4055 664 4110 damnati
676 4054 815 4125 (Domiti.
853 4058 938 4109 Male
950 4063 993 4108 est
1006 4063 1121 4123 propter
1132 4050 1272 4105 maleficia
1284 4049 1345 4104 eius

192 4126 239 4197 qui
253 4127 291 4180 ibi
305 4127 468 4185 combustus
482 4137 550 4181 erat.
586 4129 632 4180 An
646 4136 688 4180 est
701 4126 718 4180 i.
730 4143 756 4195 q.
770 4127 845 4179 uix?
882 4127 951 4179 Hor.
967 4126 995 4180 S.
1009 4124 1037 4179 ii.
1047 4125 1072 4179 6.
1084 4124 1118 4178 86
1132 4124 1247 4193 cupiens
1259 4123 1346 4174 uaria

182 4198 309 4268 fastidia
325 4214 392 4251 cena
410 4198 522 4251 Vincere
537 4199 681 4268 tangentis
697 4196 770 4250 male
781 4197 897 4266 singula
909 4197 989 4249 deute
1004 4195 1127 4265 superbo.
1167 4195 1278 4248 Petron.
1296 4206 1346 4260 119

191 4269 347 4322 Persamm
364 4270 431 4338 =ritu
451 4269 525 4322 male
541 4268 752 4338 pubescentibus
772 4269 858 4320 auua's
877 4266 1051 4335 Subripuere
1068 4267 1153 4319 uiros.
1192 4262 1301 4331 (Hand.
1320 4277 1344 4329 3.

191 4356 218 4408 p.
230 4339 300 4408 585.)
328 4340 367 4392 At
378 4338 401 4393 si
411 4340 465 4393 hoc
476 4339 620 4406 uoluisset,
630 4338 755 4406 dixisset,
766 4337 897 4404 credo,A
909 4338 989 4390 modu
998 4337 1111 4390 deserto.
1162 4338 1232 4390 238.
1247 4336 1346 4387 Molle

191 4419 221 4462 ut
239 4408 354 4463 infantis
367 4409 429 4463 ‘his
441 4410 517 4478 baby
529 4410 621 4464 head!
658 4409 739 4463 ‘And
757 4409 809 4462 lest
827 4409 889 4462 that
905 4424 943 4460 on
960 4409 1008 4461 the
1021 4406 1131 4476 ground
1147 4424 1197 4461 soo
1210 4406 1286 4473 bare,
1300 4404 1345 4457 his

191 4479 267 4534 head
284 4480 387 4534 should
404 4481 448 4548 lye
465 4482 547 4535 alone
568 4482 627 4534 Not
645 4480 734 4534 boren
753 4494 799 4548 up,
817 4480 896 4532 there
915 4479 1005 4532 under
1021 4481 1087 4546 they
1105 4478 1159 4532 doe
1178 4479 1224 4544 lay
1239 4494 1256 4530 a
1272 4475 1346 4528 hard

192 4552 215 4604 F
217 4550 269 4605 lint
289 4552 384 4605 stone'
397 4552 429 4606 T.
441 4551 630 4607 Vnderdown.
745 4551 812 4605 287.
832 4553 930 4604 uiridi
948 4566 1004 4619 quo
1017 4548 1139 4604 amarior
1151 4550 1243 4603 fumus
1257 4546 1344 4601 fieret.

745 4635 801 4686 12
