3294 5214
622 467 949 530 PROLEGOMENA.
1316 469 1367 529 xxi

214 625 395 702 aequiperari
410 623 504 704 (²²3l·
547 625 618 684 Non
632 625 711 684 enim
726 627 804 684 eain
820 625 928 685 Ouidio
944 625 988 684 sui
1007 625 1123 686 iactatio
1137 625 1190 685 fuit
1203 635 1235 686 ut
1249 622 1368 686 exilium

215 725 301 766 suum
320 725 388 766 cum
405 708 519 766 excidio
534 706 621 765 Vrbis
641 717 830 784 compararet,
845 709 901 766 nisi
922 717 1072 767 auctorem
1093 707 1179 785 fugae
1201 709 1264 768 siue
1285 707 1369 768 iactis

215 791 277 847 siue
291 789 422 848 moribus
436 789 552 865 publice
567 789 693 848 inuisum
706 789 879 861 iudicasset3
902 789 980 848 uelut
994 808 1040 864 ap.
1056 789 1122 847 Val.
1137 789 1218 850 Max.
1232 790 1269 849 ix.
1288 808 1333 848 11.
1349 807 1367 862 4

217 869 340 928 Seianus
354 871 515 929 Alliensem
534 871 612 929 diem
633 871 738 928 uicisse
759 871 863 929 dicitur
872 889 880 942 ;
903 880 932 929 et
946 871 976 928 in
992 869 1176 947 Cenotaphio
1192 869 1298 930 Pisano
1314 889 1368 947 pro

214 951 336 1010 Alliensi
350 953 510 1011 memoriae
524 952 655 1029 proditur
668 952 800 1027 lugubris
814 952 838 1011 is
853 953 915 1011 dies
930 969 990 1029 quo
1005 952 1051 1011 die
1070 952 1103 1011 C.
1119 951 1230 1012 Caesar
1242 951 1370 1029 Augusti

215 1050 309 1108 nepos
323 1034 403 1092 obiit.
963 1085 968 1098 .

255 1114 294 1172 Et
307 1114 380 1174 haec
395 1115 512 1191 quidem
534 1114 565 1171 in
585 1115 651 1190 ipso
670 1114 798 1173 carmine
812 1113 903 1174 ibidis
917 1113 1061 1191 leguntur.
1104 1112 1163 1174 Sed
1176 1123 1206 1173 et
1219 1114 1250 1174 in
1264 1114 1369 1175 Tristi-

216 1197 270 1254 bus
292 1207 321 1254 et
338 1198 368 1254 in
382 1196 520 1273 Epistulis
542 1214 577 1253 ex
593 1195 689 1254 Ponto
709 1204 776 1254 sunt
795 1213 870 1272 quae
888 1195 925 1254 ad
939 1197 1067 1254 eundem
1080 1196 1230 1255 inimicum
1245 1198 1370 1274 scriptae

216 1278 376 1338 uideantur.
418 1278 464 1336 Ex
479 1277 524 1335 his
539 1278 671 1353 proxime
686 1278 724 1335 ad
735 1276 801 1334 Ibin
816 1278 927 1336 accedit
938 1277 1024 1336 Trist.
1035 1277 1073 1336 iii.
1087 1295 1131 1337 11.
1175 1277 1370 1338 Conferantur

220 1377 264 1434 19,
279 1378 317 1416 20
328 1359 371 1416 Et
383 1367 472 1418 tamen
486 1366 526 1417 cst
537 1359 641 1433 aliquis
654 1360 706 1434 qui
716 1359 834 1416 uulnera
848 1360 936 1417 cruda
949 1365 1083 1429 retractet,
1094 1358 1197 1418 Scluat
1204 1366 1231 1418 el
1240 1361 1270 1418 in
1283 1376 1371 1418 mares

215 1459 267 1499 ora
292 1442 395 1499 deserta
419 1460 489 1498 meos
512 1458 579 1498 cum
602 1439 645 1497 Ib.
673 1459 718 1515 13,
744 1459 780 1511 14
792 1459 800 1511 ;
829 1449 891 1497 tum
918 1459 952 1514 31
982 1439 1061 1511 Quid
1080 1442 1244 1513 simulacra,
1266 1441 1370 1513 ferox,

217 1523 318 1582 dictis
341 1523 485 1582 incessis
510 1522 652 1580 amaris?
695 1539 762 1580 cum
784 1520 827 1579 Ib.
846 1541 899 1596 ²9;
927 1535 974 1596 37,
995 1525 1012 1578 8
1038 1520 1183 1596 Carnifici
1201 1541 1259 1581 mea
1272 1522 1372 1599 flenda

213 1610 301 1680 potest
301 1606 430 1684 fortuna
443 1605 538 1661 uideri
552 1601 590 1660 Te
603 1611 693 1661 tamen
713 1608 755 1660 est
765 1621 819 1660 uno
833 1603 920 1660 iudice
938 1622 1030 1661 mersa
1045 1611 1150 1677 parum
1165 1621 1233 1662 cum
1247 1604 1291 1662 Ib.
1308 1618 1334 1680 7,
1351 1607 1369 1661 8

225 1684 300 1744 Vnus
314 1685 353 1764 (ct
371 1687 420 1744 lcoc
441 1687 530 1760 iusum
551 1692 591 1743 cst
609 1685 720 1741 c'rciuria
741 1681 857 1762 magna)
866 1694 1012 1759 perennem
1030 1683 1170 1742 Candort‘s
1189 1686 1300 1744 titulum
1318 1704 1372 1743 non

218 1769 288 1826 se'nil
300 1787 354 1825 esse
371 1767 445 1834 mci,·
469 1768 506 1840 56
521 1765 574 1823 Ad
588 1771 619 1837 te,
634 1766 762 1841 quisquis
780 1767 805 1822 is
822 1783 857 1836 es,
872 1773 968 1824 nostra
987 1767 1107 1839 querella
1124 1767 1198 1824 redit
1210 1785 1277 1825 cum
1291 1767 1336 1827 lb.
1353 1786 1371 1842 9

221 1848 354 1924 Quisquis
379 1850 405 1906 is
426 1854 471 1918 est,
494 1867 558 1904 nam
581 1865 674 1904 neuun
695 1847 786 1904 adlcuc
807 1854 949 1922 utcumque
968 1847 1082 1915 tacebe,·
1105 1861 1153 1922 59,
1169 1850 1207 1906 60
1225 1847 1279 1907 Tot
1296 1850 1373 1907 mala

217 1930 405 2006 sumsugieus
418 1930 520 2000 tellure,
537 1935 575 1986 tet
586 1947 699 2004 aequore
709 1939 821 2002 passus,
840 1928 878 1985 Te
897 1947 1000 2004 queque
1019 1937 1051 1988 ut
1069 1930 1173 1988 audt'tis
1186 1939 1267 2005 posse
1286 1931 1374 1990 dolere

211 2020 307 2088 putem
321 2029 389 2070 cum
403 2011 446 2068 Ib.
465 2023 533 2083 205,
550 2013 567 2066 6
586 2009 639 2068 Tot
650 2011 703 2068 tibi
712 2029 764 2067 uae
778 2012 875 2068 misero
889 2015 998 2068 uenient
1012 2012 1128 2086 talesque
1141 2013 1241 2070 ruinae
1261 2011 1297 2071 Vt
1312 2012 1377 2088 cogi

219 2095 250 2152 in
271 2094 405 2150 lacrimas
425 2111 465 2150 me
485 2111 587 2167 quoquc
601 2097 812 2167 persepulch
838 2094 876 2166 63
891 2090 974 2168 Ergo
993 2080 1147 2167 quicunque
1165 2112 1201 2165 cs,
1223 2095 1374 2152 rescindere

218 2183 348 2233 carmina
362 2175 426 2244 noli,
436 2172 531 2249 Deque
537 2175 631 2250 graui
641 2174 729 2231 duras
742 2175 857 2230 uulnere
869 2174 930 2232 lollc
943 2192 1051 2232 manus.
1084 2174 1167 2249 thue
1181 2177 1374 2254 memsamam

219 2261 328 2314 tenuent
346 2254 451 2314 obliuia
472 2256 576 2330 culpae,
590 2254 682 2311 Facta
703 2256 855 2312 cicatricem
877 2256 973 2311 ducere
993 2261 1089 2313 nostra
1107 2257 1166 2312 sim
1185 2273 1253 2314 cum
1267 2256 1373 2332 Ib.13.

219 2337 256 2396 In
278 2337 405 2396 eundem
427 2337 534 2413 scripta
548 2346 600 2406 est,
615 2345 648 2394 ut
661 2335 784 2406 uidetur,
801 2335 888 2394 Trist.
904 2337 939 2394 iv.
956 2355 973 2410 9
990 2335 1030 2394 Si
1040 2337 1104 2395 licet
1114 2343 1141 2394 et
1148 2340 1263 2411 pateres,
1277 2356 1373 2396 nemen

208 2421 384 2499 facinusque
398 2418 494 2489 tacebo,
509 2419 540 2475 in
555 2435 613 2493 qua
628 2418 732 2476 eadem
747 2415 804 2475 fere
821 2417 968 2475 minitatur
983 2416 1109 2477 Ouidius
1128 2435 1204 2493 quae
1223 2418 1253 2477 in
1270 2418 1372 2492 Ibide;

221 2501 292 2560 cte
317 2499 420 2557 Induet
440 2500 546 2579 infielc'x
567 2518 650 2556 arma
673 2505 767 2556 coacta
789 2499 866 2556 dolor
894 2516 962 2556 curn
990 2497 1034 2556 Ib.
1054 2517 1089 2556 10
1114 2496 1201 2574 Cogit
1220 2501 1374 2557 inassuetas

220 2600 325 2640 sumne
338 2581 391 2638 tela
405 2599 527 2650 manus,·
553 2599 649 2654 ²1·3²
666 2579 726 2638 Ibit
744 2581 785 2637 ad
801 2598 932 2650 occasum,
951 2581 1088 2654 quidquid
1103 2581 1230 2652 dicemus,
1248 2581 1283 2638 ab
1302 2588 1373 2640 ertu.

215 2663 314 2721 ,Ilstc's
324 2669 351 2720 et
356 2662 509 2738 Hesperiae
522 2664 597 2720 uoces
611 2661 689 2720 Eous
703 2663 764 2719 erit.
791 2659 887 2718 Trans
898 2680 945 2736 ego
955 2661 1087 2733 tellurem,
1097 2667 1178 2720 trans
1188 2663 1261 2720 allas
1271 2663 1375 2721 audiar

221 2745 319 2815 undas,
333 2743 378 2801 Et
384 2745 505 2819 gemitus
519 2763 579 2802 uox
594 2750 633 2801 est
645 2743 863 2821 magnasutura
877 2743 936 2800 mci.
972 2741 1033 2800 Nec
1044 2749 1092 2800 lua
1103 2748 1126 2800 tc
1139 2749 1239 2800 sontem
1254 2750 1373 2801 tantum-

221 2827 296 2884 modo
312 2827 422 2884 saccula
436 2827 540 2884 norint.
583 2824 735 2900 Perpetuae
748 2828 852 2882 crimen
863 2825 1035 2898 posteritatis
1055 2826 1119 2882 eres.
1161 2822 1225 2882 Iam
1234 2826 1326 2904 seror
1343 2827 1376 2883 in

215 2919 338 2984 pregnas,
359 2913 387 2964 et
404 2908 524 2964 nondum
545 2926 649 2965 cornua
670 2908 797 2980 sumpsi,·
826 2904 886 2962 Nec
911 2905 985 2962 milri
1005 2906 1134 2964 sumendi
1149 2925 1235 2964 causa
1254 2908 1295 2964 sit
1312 2907 1376 2965 ulla

220 2991 312 3047 uelem.
357 2986 461 3047 Circus
474 2988 565 3046 adhuc
578 2994 671 3058 cessat,
685 2989 799 3064 spargit
814 2994 905 3063 tamen
923 3003 987 3044 acer
1000 2988 1132 3044 harenam
1151 2985 1266 3046 laurus
1286 2995 1313 3046 et
1331 2991 1375 3046 in·

210 3072 288 3149 feste
303 3071 359 3128 tam
371 3070 676 3145 pcdepulsatlcumum.
719 3068 783 3126 Hac
796 3087 898 3143 quoquc
915 3086 999 3142 quam
1018 3069 1099 3125 uolui
1109 3068 1178 3143 plns
1198 3076 1243 3127 esl.
1288 3068 1374 3141 Cane,

220 3149 323 3223 Musa,
336 3158 465 3226 receptus,
476 3150 556 3208 Dum
570 3152 634 3208 licet
644 3152 710 3208 leuc'c
723 3169 817 3208 nomen
831 3149 1007 3207 dissimulare
1020 3168 1110 3222 suum,
1126 3168 1193 3208 cum
1208 3149 1252 3209 lb.
1265 3170 1282 3222 4
1286 3165 1376 3225 5-54.

221 3232 357 3309 Denique
379 3232 467 3291 Trist.
485 3251 511 3290 v.
530 3235 547 3290 8
571 3233 601 3289 in
623 3231 690 3290 Ibin
712 3232 876 3308 composita
897 3241 940 3290 est
960 3229 1029 3289 Non
1050 3231 1115 3289 adca
1134 3232 1225 3304 cecidi,
1246 3235 1376 3306 quamuis

221 3314 349 3386 alc'ectus,
364 3320 396 3371 ut
415 3315 497 3392 infra
520 3313 557 3372 Tc
577 3332 681 3389 quoque,
699 3315 899 3391 remanseritis
918 3331 970 3387 quo
991 3313 1067 3370 nztz‘l
1084 3331 1139 3371 esse
1155 3320 1261 3389 polest;
1284 3313 1319 3372 cf.
1339 3333 1376 3371 10

221 3395 345 3471 Inposita
363 3395 474 3453 calcas
491 3397 565 3470 quod
574 3397 709 3474 measata
719 3395 785 3470 pede
798 3412 865 3452 cum
880 3393 924 3452 lb.
938 3412 992 3469 295
1016 3406 1051 3468 37
1073 3394 1155 3470 quue
1168 3413 1216 3470 ege
1229 3402 1254 3453 tc
1266 3397 1375 3454 ucileam

222 3497 307 3536 causa
324 3478 462 3554 grauiore
470 3478 611 3555 fugatum
633 3494 701 3534 curn
722 3475 765 3534 Ib.
784 3495 830 3547 22,
848 3494 882 3532 rr
888 3495 914 3551 3.
957 3475 1054 3534 Etiam
1075 3477 1148 3534 inter
1168 3475 1316 3553 Epistulas
1338 3495 1375 3539 ex

222 3557 319 3617 Ponto
340 3576 400 3616 una
422 3567 466 3616 est
490 3576 566 3634 quae
591 3576 660 3616 cum
684 3557 775 3616 modo
800 3557 968 3616 memoratis
989 3555 1130 3616 Tristium
1151 3567 1180 3616 et
1201 3576 1270 3617 cum
1290 3557 1375 3618 Ibide

221 3641 295 3699 mire
309 3639 472 3698 consentiat
486 3640 522 3697 iv.
539 3658 555 3713 3
574 3638 737 3714 Conquerar
755 3658 793 3696 an
812 3640 932 3696 sctccmr
952 3649 1056 3714 ponam
1070 3640 1129 3697 sim
1142 3641 1259 3697 crimine
1273 3658 1375 3711 nomen,

222 3721 272 3780 An
286 3728 379 3778 netum
392 3722 444 3796 qui
454 3723 495 3778 sis
509 3720 633 3779 omuibus
646 3740 700 3778 esse
713 3721 820 3778 uclime³
861 3719 982 3778 Nomine
995 3739 1049 3777 non
1062 3727 1138 3792 utar,
1153 3740 1186 3778 nc
1198 3721 1378 3779 commendere

222 3802 351 3877 querella,
377 3801 588 3877 Quaeraturque
611 3802 666 3860 tibi
682 3803 806 3860 carmine
821 3801 913 3877 sama
933 3820 997 3861 meo.
1039 3801 1084 3860 Cf.
1109 3814 1145 3876 ²7
1176 3803 1236 3861 Vix
1256 3803 1377 3876 equidem

222 3885 309 3955 credo,
324 3884 410 3941 sedet
422 3885 558 3941 c'nsultare
573 3885 675 3942 tacenti
689 3882 727 3940 Te
741 3883 815 3940 mihi
825 3902 871 3940 nec
886 3882 978 3941 uerbis
986 3894 1102 3960 parcere
1103 3885 1195 3962 sama
1209 3884 1297 3962 effert
1308 3899 1376 3942 cum

222 3964 267 4024 Ib.
284 3984 330 4040 29.
374 3964 443 4038 Qua
457 3965 576 4042 quidem
589 3966 620 4023 in
635 3964 757 4042 epistula
771 3965 871 4023 nescio
885 3982 924 4021 an
934 3982 996 4023 non
1010 3966 1041 4022 in
1055 3964 1200 4023 uocabulo
1212 3963 1265 4022 ilis
1279 3964 1378 4024 luserit

222 4048 373 4106 inimicum
387 4047 545 4123 respiciens
559 4047 589 4105 in
603 4065 692 4122 quem
704 4047 770 4104 Ibin
785 4046 906 4122 scripsit.
950 4059 1029 4119 51-4
1041 4049 1048 4076 ‘
1058 4044 1144 4103 Litus
1157 4047 1198 4104 ad
1206 4045 1375 4104 Euxinum'

221 4130 333 4204 siquis
357 4129 432 4186 milii
452 4129 552 4186 de'ccret
571 4129 641 4186 ‘ibes
661 4126 705 4184 Et
724 4134 821 4185 metues
842 4146 913 4184 arcu
933 4146 966 4184 ne
978 4129 1096 4205 serrare
1119 4125 1218 4186 Getae'
1242 4125 1284 4184 ‘I
1301 4125 1377 4186 bc'bc’

221 4205 359 4268 dibussem
391 4215 566 4287 ‘purgantes
596 4217 705 4286 pectere
739 4228 826 4280 sucas,
864 4207 1010 4285 Quidquid
1038 4214 1065 4266 el
1097 4210 1128 4266 in
1161 4213 1218 4268 tola
1250 4210 1378 4268 nascitur

221 4289 398 4366 Antinum?

257 4439 272 4474 *
289 4437 337 4485 Has
354 4438 460 4499 epistulas
477 4454 506 4486 ex
523 4437 638 4486 Tristibus
656 4449 678 4487 et
695 4439 753 4500 Epp.
771 4439 799 4486 de
817 4440 893 4486 Ponto
909 4441 937 4486 ad
956 4439 1006 4486 lbin
1023 4437 1116 4502 scriptas
1133 4437 1202 4487 fuisse
1219 4437 1287 4487 uideo
1305 4439 1377 4488 etiam

224 4505 367 4552 Graeberum
379 4504 478 4552 iudicare
492 4506 591 4565 Qraest.
603 4505 671 4552 Ouid.
684 4520 706 4566 p.
719 4521 741 4565 rr,
756 4507 836 4566 inqua
849 4507 877 4554 de
889 4507 969 4554 amicit
980 4506 1062 4568 politae
1073 4520 1131 4567 quos
1142 4505 1166 4553 in
1183 4505 1252 4553 exilio
1269 4505 1375 4552 nominat

225 4572 313 4631 optime
325 4570 436 4618 disseruit.
469 4571 595 4632 (Elberfeld
609 4570 691 4633 1881.)
