3312 5200
301 433 361 491 136
702 425 1050 491 COMMENTARIVS.

301 590 364 644 Cer.
376 587 492 657 67-115‚
501 601 586 658 quem
599 585 685 640 modo
695 587 812 656 χαλεπόν
824 607 852 639 τε
864 585 904 638 καί
916 585 1007 656 ἄγριον
1018 585 1103 653 λιμὸν,
1113 580 1214 638 Αἴθωνα
1226 580 1357 655 κρατερόν,
1368 582 1456 636 modo

299 660 379 712 κακὰν
399 657 567 727 βούβρωστιν
586 667 677 712 uocat.
717 668 838 725 105-110
856 659 938 723 Χῆραι
957 657 1004 721 μὲν
1021 655 1139 724 μόνδραι,
1157 657 1238 708 κενεαὶ
1257 654 1285 708 δέ
1301 677 1346 724 μοι
1367 657 1457 708 αὔλιες

300 729 347 798 ἤδη
366 728 544 800 Τετραπόδαν·
572 729 619 796 ἤδη
639 728 690 798 γὰρ
711 726 891 797 ἇπηρνήσαντο
912 727 1037 796 μάγειροι.
1056 722 1141 779 Ἀλλὰ
1162 726 1203 780 καί
1224 727 1316 793 οὐρῆας
1338 727 1457 794 μεγαλᾶν

299 797 434 854 ὑπέλυσαν
455 801 563 868 όμαξᾶν,
584 799 633 852 Καὶ
652 799 700 851 τὰν
720 800 775 862 βῶν
798 799 906 869 ἔφαγεν,
927 799 974 851 τὰν
993 796 1084 865 Ἐστία
1104 797 1198 866 ἔτρεφε
1221 797 1314 865 μάτηρ,
1337 797 1386 849 Καὶ
1409 797 1457 848 τὸν

299 871 467 940 ἀεθλοφόρου
479 871 519 923 καί
531 871 576 923 τὸν
586 868 728 936 πολεμὴίον
739 866 825 934 ἵππον,
839 868 949 920 Καί-τὰν
965 865 1095 937 αἴλουρον,
1110 869 1157 920 τὰν
1172 868 1261 937 ἔτρεμε
1278 867 1354 934 θηρία
1370 865 1453 934 ninid.

302 943 369 1012 Ipse
388 940 581 1010 Erysichthon
601 937 685 992 Αἴθων
703 938 919 1008 cognominatus
938 947 982 992 est
1000 938 1039 992 ὅτι
1057 936 1087 1006 ἧν
1105 939 1239 1005 ἄπληστος
1255 939 1337 1007 βορᾶς
1350 937 1455 991 Athen.

300 1012 363 1079 416.
433 1014 504 1067 421.
523 1013 615 1076 dapis
627 1013 792 1064 humanae.
828 1009 926 1080 Eurip.
941 1009 1062 1078 Meleag.
1076 1009 1108 1063 fr.
1123 1021 1170 1078 541
1188 1009 1291 1063 Nauck
1305 1007 1456 1074 Εῖςάνδρο-

299 1086 403 1152 findens
415 1080 508 1149 ἡδονὰς
524 1081 645 1150 ἀφίξεται
658 1081 760 1148 Κάρηνα
772 1082 885 1148 πυρσαῖς
896 1079 986 1149 γε’νυσι
999 1081 1168 1134 Μελανίππου
1180 1082 1294 1134 σπείσας.
1329 1094 1455 1143 quaque

300 1157 395 1208 Parte
407 1158 497 1217 potes
509 1169 566 1220 ore,
576 1168 633 1205 non
646 1168 742 1206 manu.
769 1152 846 1204 Nam
860 1150 974 1219 Tydeus
986 1167 1072 1204 manu
1084 1149 1262 1217 fortissimus,
1275 1166 1323 1203 ore
1336 1148 1456 1203 corrosit

300 1233 386 1292 caput
410 1222 575 1304 Menalippi‚
598 1232 628 1276 ut
649 1221 750 1276 iterum
771 1230 901 1275 narratur
921 1233 980 1290 515.
1060 1223 1132 1276 428.
1158 1224 1283 1286 Tydeus
1302 1222 1456 1284 temporis

299 1297 397 1348 huius
417 1295 501 1348 Mart.
519 1292 565 1348 xii.
579 1307 652 1362 32.9
669 1293 738 1346 Irus
758 1297 873 1346 tuorum
895 1296 1058 1362 temporum.
1098 1291 1259 1360 Shakspere
1279 1291 1380 1360 Cymb.
1397 1290 1426 1344 ii.
1442 1302 1455 1359 5

303 1365 363 1419 The
380 1365 461 1418 Dian
479 1365 515 1434 os
526 1363 590 1417 that
607 1365 680 1418 time.
752 1365 823 1417 429.
842 1366 958 1426 aliquid
980 1379 1044 1417 curn
1063 1363 1191 1430 emphasi
1211 1361 1326 1428 dictum,
1343 1362 1458 1430 grande

300 1436 437 1506 quiddam
458 1435 536 1502 (Sen.
557 1435 629 1503 Thy.
642 1433 705 1501 270)
719 1434 802 1503 quale
821 1433 871 1486 fuit
889 1432 968 1487 Atrei
985 1432 1094 1486 facinus
1113 1435 1166 1501 qui
1179 1435 1294 1502 cupiens
1306 1451 1325 1486 a
1341 1432 1458 1500 Thyeste

291 1508 393 1577 fratre
409 1521 460 1559 suo
478 1507 604 1559 iniurias
620 1505 722 1573 exequi
737 1506 769 1557 in
782 1506 913 1575 gratiam
929 1521 992 1557 cum
1008 1521 1038 1556 eo
1055 1504 1141 1557 rediit
1151 1509 1180 1556 et
1197 1505 1227 1556 i'n
1240 1519 1359 1573 regnum
1372 1520 1458 1556 sunm

300 1595 365 1632 eum
378 1576 639 1646 reduxit,filiosque
654 1577 715 1628 eius
732 1575 855 1644 infantes
870 1575 1025 1628 Tantalum
1044 1580 1071 1627 et
1082 1573 1254 1629 Plisthenem
1272 1575 1372 1628 occidit
1386 1578 1414 1626 et
1425 1575 1458 1626 in

300 1648 393 1718 epulis
410 1647 524 1715 Thyesti
534 1648 675 1716 apposuit.
711 1647 836 1714 quicum
849 1651 1007 1699 nesciretur
1016 1644 1126 1698 Atreus
1137 1644 1292 1714 imperauit
1303 1643 1419 1698 brachia
1431 1649 1459 1696 et

301 1735 354 1772 ora
370 1722 528 1788 puerorum
549 1717 654 1786 afferri.
692 1717 724 1770 ob
741 1717 776 1769 id
791 1717 881 1770 scelus
900 1717 986 1769 etiam
1003 1716 1048 1768 sol
1062 1731 1177 1768 cursum
1195 1716 1303 1768 auertit
1321 1716 1396 1783 Hyg.
1414 1715 1458 1769 88.

303 1788 391 1843 Filios
410 1787 544 1857 Thyestis
563 1788 675 1856 Aglaon
695 1787 895 1842 Orchomenon
914 1787 1024 1840 Kaleon
1042 1785 1170 1839 nominat
1191 1786 1284 1840 Schol.
1298 1786 1392 1839 Orest.
1405 1786 1457 1839 812

304 1859 476 1926 (Muncker).
565 1861 637 1912 430.
657 1860 722 1911 cur
738 1857 941 1927 propterquod
954 1861 1030 1911 solis
1042 1860 1115 1920 equi
1126 1859 1300 1910 exsternati
1312 1855 1458 1909 conterriti
1516 1889 1519 1900 ·

304 1929 387 1998 (Met.
401 1929 419 1983 i.
432 1929 493 1995 641,
512 1925 548 1982 xi.
563 1927 608 1997 77)
625 1934 761 1993 agantur
780 1944 799 1982 a
816 1943 948 1992 uespere
966 1945 1000 1981 ex
1019 1927 1167 1980 occidente
1184 1942 1296 1980 rursus
1314 1936 1457 1980 retroacto

304 1999 403 2054 itinere
420 2002 461 2053 ad
479 2005 576 2053 ortus.
614 1999 721 2052 Multus
741 2008 784 2053 est
797 1997 826 2051 in
839 1999 892 2052 hac
909 2015 939 2052 re
952 1997 1139 2052 describenda
1152 1998 1263 2052 Seneca
1275 1997 1392 2065 Thyest.
1406 1996 1459 2062 776

303 2087 367 2140 sqq.
375 2071 427 2136 784
435 2071 662 2124 uertem'tcurriis
670 2070 735 2125 licet
742 2069 873 2138 Sibiipse
883 2069 969 2122 Titan
978 2069 1091 2123 obuium
1098 2069 1201 2122 ducens
1210 2069 1266 2122 iter
1275 2068 1460 2136 Tenebrisqne

293 2142 416 2211 focinus
431 2140 532 2194 obruat
552 2145 665 2194 tetrumv
676 2142 759 2193 nonis
774 2141 845 2193 Nox
864 2141 950 2192 missa
967 2140 1002 2192 ab
1020 2144 1084 2192 ortu
1103 2143 1225 2208 tempore
1241 2139 1333 2192 alieno
1344 2140 1459 2208 granis,

304 2221 332 2266 et
353 2211 382 2264 in
402 2212 489 2264 choro
509 2212 561 2279 789
580 2227 642 2280 sqq.
679 2210 841 2265 Praeiuerat
860 2209 957 2279 Eurip.
978 2211 1070 2264 Orest.
1087 2223 1243 2275 1001-1004
1260 2209 1308 2262 ubi
1329 2209 1425 2263 Schol.
1445 2211 1459 2261 ὁ

304 2282 378 2350 ἥλιος
400 2282 435 2351 μὴ
460 2285 571 2350 στέρξας
594 2285 623 2333 τὸ
648 2282 797 2351 παράνομον
819 2281 879 2348 μίαν
902 2279 998 2348 ἡμέραν
1013 2281 1046 2332 ’ἐκ
1067 2279 1173 2347 δυσμῶν
1191 2283 1256 2347 πρὸς
1277 2278 1309 2332 ἕω
1332 2277 1460 2348 διφρεύει.

303 2355 370 2408 431.
389 2355 574 2418 Lycaoniae.
590 2353 663 2420 Hyg.
679 2351 728 2417 176
739 2353 878 2420 Lycaonis
886 2352 952 2420 filii
962 2352 1059 2404 Iouem
1071 2356 1180 2404 tentare
1192 2350 1346 2403 noluerunt
1356 2351 1461 2403 deusne

303 2429 373 2478 esset
384 2429 412 2477 et
423 2439 535 2477 carnem
546 2423 702 2476 humanam
713 2439 777 2476 cum
794 2428 882 2476 cetera
893 2439 978 2476 came
995 2423 1228 2482 commiscuerunt
1238 2421 1322 2489 idque
1333 2423 1364 2474 i‘n
1376 2421 1461 2490 epulo

303 2497 332 2550 ei'
350 2498 549 2564 apposuerimt.
580 2495 632 2562 qui
646 2497 799 2563 postquam
819 2495 906 2547 sensit
925 2494 1019 2546 iratus
1043 2509 1167 2545 nunsom
1189 2495 1299 2559 euertit,
1321 2491 1461 2560 Lycaonis

297 2566 380 2637 filios
382 2565 512 2635 fulmine
523 2565 642 2618 necanit.
679 2565 785 2617 Versus
798 2581 832 2617 ex
847 2565 915 2617 Met.
929 2562 946 2616 i.
964 2563 1011 2631 165
1025 2572 1162 2632 sumptus.
1267 2565 1337 2617 433.
1355 2565 1461 2626 posito

306 2637 344 2691 ad
363 2635 571 2690 comedendum
589 2644 619 2689 ut
633 2635 727 2704 posito
744 2635 802 2688 cibo
820 2635 850 2688 F.
865 2633 892 2688 ii.
908 2633 966 2702 566.
1002 2637 1071 2687 uim
1085 2638 1219 2698 temptet
1231 2631 1302 2686 iram
1314 2641 1460 2700 prouocet.

305 2709 379 2762 434.
404 2709 586 2760 'Tantalides
609 2706 710 2774 Pelops
732 2715 762 2759 ut
784 2704 869 2759 Trist.
888 2703 916 2758 ii.
935 2706 994 2773 385.
1019 2704 1093 2772 Hyg.
1111 2705 1145 2772 83
1166 2705 1268 2772 Pelops
1293 2704 1413 2756 Tantali
1434 2707 1464 2756 et

307 2777 414 2831 Diones
424 2777 557 2830 Atlantis
563 2777 648 2846 filiae
657 2777 743 2847 filius
760 2793 823 2829 cum
835 2780 904 2829 esset
916 2776 947 2828 in
959 2776 1051 2844 epulis
1062 2775 1177 2828 deorum
1190 2793 1207 2826 a
1224 2775 1345 2827 Tantalo
1357 2791 1461 2842 caesus,

305 2847 452 2901 braihi'um
481 2849 542 2901 eius
573 2848 653 2901 Ceres
682 2847 862 2916 consumpsit.
910 2849 996 2900 'Pelet
1016 2861 1103 2910 puer.
1133 2847 1209 2913 Hyg.
1234 2844 1286 2897 206
1312 2845 1463 2913 Clymenus

306 2917 443 2972 Schoenei
450 2919 536 2987 filius
547 2935 600 2972 rex
613 2917 757 2972 Arcadiae
774 2934 870 2970 amore
885 2920 985 2986 captus
1001 2932 1065 2970 cum
1077 2916 1239 2985 Harpalyce
1247 2915 1318 2984 filia
1332 2932 1386 2968 sua
1398 2931 1461 2968 con-

307 2989 410 3044 cubuit.
445 3006 478 3041 ea
498 3005 562 3043 cum
578 2990 739 3062 peperisset,
758 2989 790 3041 in
810 2988 903 3057 epuli's
914 2989 1015 3058 filium
1035 2988 1168 3056 apposuit
1182 2987 1272 3056 patri.
1312 2986 1463 3054 Clymenus

302 3063 392 3130 pater
402 3076 432 3113 re
443 3061 556 3128 cognito
567 3060 750 3128 Harpalycen
762 3059 908 3128 interfecit.
948 3057 1005 3111 Hic
1019 3059 1171 3125 Clymenus
1184 3073 1201 3110 a
1216 3055 1367 3110 Parthenio
1381 3059 1461 3112 Erot.

311 3144 342 3197 13
365 3128 497 3198 Κλύμενος
519 3131 534 3181 ὁ
555 3129 653 3183 Tellus
673 3129 793 3197 dicitur;
821 3129 896 3182 unde
914 3131 991 3198 puer
1008 3128 1084 3181 Telei
1100 3126 1202 3197 poterit
1220 3127 1267 3181 hic
1285 3126 1380 3181 uocari
1400 3126 1462 3181 siue

307 3203 513 3325 lt‘htl‘tl,
531 3200 789 3339 {nitidula
804 3196 1463 3338 illicidisplithigelfflil’..Midili

310 3339 412 3410 (Mein.
432 3340 515 3394 Anal.
533 3340 612 3396 Alex.
631 3358 658 3411 p.
672 3339 727 3409 70),
746 3310 807 3395 side
826 3341 903 3411 quod
921 3339 1000 3394 Telei
1019 3339 1100 3408 tilius,
1118 3355 1175 3392 non
1194 3338 1322 3407 Clymeni
1341 3339 1461 3392 traditus

309 3411 400 3465 fuerat
419 3411 455 3464 ab
475 3427 509 3464 eo
529 3427 613 3480 quem
631 3411 677 3464 hic
696 3411 822 3481 sequitur
841 3410 969 3466 Ouidius.
1006 3411 1079 3464 Rem
1092 3419 1134 3464 ter
1146 3419 1241 3463 narrat
1256 3409 1387 3478 Hyginus
1400 3409 1461 3476 206,

311 3482 373 3550 238,
383 3481 444 3550 246,
455 3498 511 3551 quo
521 3481 549 3535 in
562 3481 661 3535 ultimo
671 3483 734 3535 loco
747 3482 830 3536 simul
840 3490 1097 3536 commemorantur
1106 3479 1153 3550 qui
1166 3479 1239 3533 filios
1249 3496 1315 3533 suos
1327 3479 1355 3533 in
1369 3478 1459 3548 epulis

310 3562 545 3621 consumpserunt
564 3554 670 3606 Tereus
690 3553 829 3621 Thyestes
851 3553 1011 3620 Clymenus.
1052 3551 1177 3605 Tereides
1190 3555 1267 3620 puer
1284 3561 1312 3604 et
1332 3567 1349 3604 a
1367 3567 1461 3619 gram·

310 3621 416 3677 matica
437 3623 569 3678 abhorret
589 3632 616 3676 et
635 3641 653 3677 a
674 3624 758 3677 MSS.
840 3627 911 3677 435.
929 3626 1011 3676 latos
1028 3621 1105 3676 idem
1123 3631 1167 3675 est
1185 3622 1243 3676 sere
1261 3621 1339 3691 quod
1356 3623 1413 3674 late
1431 3630 1461 3675 ut

311 3695 415 3762 Georg.
437 3693 473 3749 iv.
495 3706 545 3762 522
566 3694 747 3764 Discerptum
766 3694 839 3749 latos
862 3695 991 3747 iuuenem
1012 3697 1139 3762 sparsere
1154 3695 1210 3761 per
1229 3689 1321 3763 agros.
1392 3694 1462 3746 431.

280 3782 285 3795 ·
310 3781 391 3830 quae
409 3764 532 3833 Absyrti.
562 3768 683 3830 patrias
701 3766 808 3818 Aeetae
826 3763 922 3833 patris.
943 3763 1002 3818 Cic.
1021 3763 1057 3817 de
1077 3765 1114 3818 N.
1133 3765 1169 3816 D.
1188 3761 1226 3818 iii.
1246 3762 1289 3817 26.
1307 3762 1341 3828 67
1360 3762 1462 3815 Medea

304 3835 735 3907 patrempatm'amqnesngiens
753 3845 929 3904 postquam
946 3843 1041 3904 pater
1057 3832 1315 3903 Adpropinquat
1331 3833 1462 3902 iamque

311 3923 416 3976 paene
441 3916 476 3960 ut
500 3905 795 3975 conprehendatur
821 3916 926 3974 parat,
957 3907 1094 3959 Puerum
1124 3903 1257 3958 interea
1280 3912 1462 3973 optruncat

312 3978 528 4047 membraque
546 3975 754 4030 articulatim
773 3975 904 4044 diuidit,
924 3977 1053 4045 Perque
1073 3992 1171 4043 agros
1188 3973 1318 4043 passim
1336 3973 1462 4044 disper·

312 4046 361 4116 git
374 4064 494 4117 corpus
508 4066 513 4100 :
533 4046 567 4101 id
580 4063 618 4100 ea
630 4046 747 4116 gratia,
760 4048 811 4115 Vt,
825 4047 899 4100 dum
917 4045 986 4100 nati
1000 4045 1185 4115 dissipatos
1203 4055 1295 4099 artus
1308 4053 1463 4114 captaret

312 4135 443 4188 parens,
458 4120 536 4187 Ipsa
553 4116 681 4171 interea
700 4117 875 4186 eflugeret,
893 4116 984 4170 illurn
1001 4126 1035 4171 ut
1054 4132 1182 4170 maeror
1200 4115 1350 4170 tardaret
1367 4114 1462 4184 sequi

312 4187 385 4242 Sibi
407 4188 549 4243 salutem
568 4197 601 4241 ut
620 4187 780 4242 familiari
798 4197 931 4256 pareret
949 4186 1142 4256 parricidio.
1293 4189 1363 4242 431.
1381 4188 1463 4240 Aere

313 4259 369 4313 abl.
392 4258 519 4314 instrum.
539 4257 625 4326 ‘May
643 4275 698 4327 you
717 4257 883 4312 counterfeit
904 4257 1040 4312 veritable
1059 4256 1187 4311 bullocks
1204 4255 1272 4322 ¹with
1291 4257 1339 4311 the
1360 4257 1463 4310 brazen

313 4328 415 4396 engine
437 4330 470 4382 of
488 4328 621 4383 Perillus'
642 4339 672 4383 ut
696 4331 735 4382 M.
755 4329 809 4382 xiv.
828 4341 875 4397 521
890 4330 1020 4398 saltuque
1040 4331 1171 4382 imitatus
1191 4328 1299 4398 agresti
1319 4325 1463 4395 (choreas),

313 4397 348 4453 A.
369 4400 404 4453 A.
425 4399 442 4453 i.
464 4399 513 4452 611
538 4401 732 4468 imitandaque
756 4400 877 4453 uulnera
898 4400 998 4454 uerbis.
1035 4399 1120 4452 Aliud
1141 4409 1184 4452 est
1205 4398 1327 4452 Perilleo
1347 4399 1379 4450 in
1401 4413 1465 4450 aere

260 4509 263 4513 -
315 4468 400 4522 Trist.
418 4487 444 4522 v.
467 4485 488 4522 1.
510 4482 549 4537 53.
577 4469 694 4523 Perillus
721 4468 766 4538 (A.
785 4471 819 4525 A.
839 4469 856 4524 i.
875 4470 939 4538 653)
964 4479 1062 4524 auctor
1086 4469 1137 4524 suit
1160 4468 1301 4523 Phalaridi
1328 4479 1357 4522 ut
1382 4478 1463 4522 tauro

314 4540 423 4594 aheneo
442 4555 526 4608 quem
548 4538 609 4608 ipse
627 4540 814 4594 fabricauerat
833 4539 914 4595 uiuos
936 4539 1097 4603 includeret.
1128 4539 1253 4595 Perilaus
1272 4549 1315 4594 est
1335 4538 1464 4593 Diodoro
