3294 5214
291 436 351 496 xxii
638 438 648 462 ⁸
718 433 1045 499 PROLEGOMENA.

335 594 393 655 His
413 596 551 656 omnibus
571 596 724 673 perpensis
738 614 817 672 nego
831 595 898 654 Ibin
912 594 1065 673 Hyginum
1080 594 1177 656 luisse.
1220 594 1300 655 Nam
1316 594 1361 676 (Ι)
1376 595 1446 654 His·

293 695 389 754 panus
410 677 470 748 suit,
485 696 546 736 non
561 679 722 754 Aegyptius
732 697 739 750 ;
761 678 954 737 Alexandriae
972 688 1068 738 autem
1087 688 1172 736 natus
1190 676 1257 737 ideo
1277 679 1333 736 dici
1352 677 1448 755 potuit

294 758 375 835 quod
393 759 592 818 Alexandrum
611 759 823 834 Polyhistorem
844 760 980 830 audierat,
1002 759 1104 818 tralato
1126 759 1164 818 ad
1184 759 1307 836 patriam
1326 759 1446 818 nomine

295 841 493 917 praeceptoris
513 840 622 920 (Bunte
642 840 721 917 Hyg.
737 860 766 918 p.
787 840 825 919 a).
878 839 923 918 (a)
946 840 1086 900 Ouidium
1108 849 1203 899 aetate
1223 840 1263 899 ita
1283 840 1447 908 antecessit,

295 931 328 980 ut
341 938 401 998 quo
416 924 585 998 temporeis
600 923 666 980 exul
681 923 773 982 factus
787 933 839 996 est,
855 921 992 999 Hyginus
1008 923 1066 981 iam
1084 932 1162 982 esset
1177 923 1281 982 senior.
1324 921 1403 980 Nam
1423 921 1448 979 si

295 1002 496 1062 Alexandrum
507 1002 717 1080 Polyhistorem
732 1005 828 1076 audiit,
840 1005 889 1081 qui
902 1005 1015 1063 Rornae
1027 1003 1121 1061 floruit
1133 1002 1253 1063 Sullae*
1268 1003 1449 1080 temporibus

296 1093 326 1144 et
339 1093 443 1161 postea
457 1083 511 1162 (καὶ
528 1087 569 1142 ἐπὶ
583 1087 643 1141 τάδε
664 1085 776 1164 Suid.);
802 1087 827 1144 si
848 1105 865 1144 a
886 1085 1033 1144 nonnullis
1054 1085 1179 1144 creditus
1200 1095 1243 1145 est
1262 1103 1334 1162 puer
1352 1083 1449 1142 adhuc

297 1165 427 1225 Romam
449 1165 586 1226 aduectus
608 1185 687 1226 anno
709 1164 824 1247 707l47
844 1183 904 1245 quo
921 1166 1097 1226 Alexandria
1115 1176 1201 1243 capta
1221 1176 1265 1225 est
1276 1186 1283 1237 ;
1312 1166 1360 1223 uix
1382 1173 1450 1242 post

297 1250 355 1322 697
376 1259 411 1321 57
434 1248 516 1306 nasci
536 1249 638 1326 potuit.
680 1247 770 1325 Atqui
785 1249 908 1309 Ouidius
928 1259 1013 1307 natus
1035 1257 1079 1306 est
1094 1246 1190 1306 Hirtio
1208 1256 1237 1305 et
1255 1247 1352 1306 Pansa
1373 1264 1448 1305 coss.

298 1341 354 1402 711
376 1347 432 1404 433
462 1329 540 1389 unde
562 1348 642 1388 anno
664 1327 863 1411 ’ἴδηαι-819
885 1335 957 1407 post
975 1330 1031 1389 Ch.
1052 1330 1115 1406 ipse
1140 1346 1234 1388 annos
1257 1325 1362 1408 5ol51,
1385 1326 1450 1404 Hy-

296 1410 383 1485 ginus
397 1411 493 1483 64l65
508 1411 643 1470 habuisse
658 1411 808 1488 colligitur.
850 1411 940 1487 Atqui
959 1410 1084 1471 Ouidius
1103 1429 1171 1470 cum
1190 1410 1286 1470 amico
1305 1426 1342 1468 eo
1360 1426 1450 1486 quem

298 1491 364 1550 Ibin
385 1491 473 1551 fuisse
494 1493 594 1552 omnia
613 1493 742 1552 indicant
759 1490 856 1571 (Pont.
871 1494 906 1552 iv.
923 1511 949 1568 3.
969 1490 1018 1571 12)
1035 1492 1127 1550 luerat
1147 1498 1254 1550 uetusta
1268 1493 1364 1551 Paene
1379 1500 1452 1565 puer

280 1574 282 1578 ’
290 1582 380 1648 puero
407 1576 518 1632 iuuetur
545 1577 678 1633 ame'citza.
729 1574 881 1634 Praeterea
905 1574 1043 1651 Hyginus
1070 1574 1262 1651 paedagogus
1286 1571 1396 1649 Vergili
1420 1571 1451 1628 in

299 1653 452 1730 Georgicis
472 1657 631 1715 scribendis
651 1656 753 1714 dicitur
767 1675 784 1714 a
799 1656 960 1716 Columella
977 1657 995 1713 i.
1014 1675 1039 1714 1.
1058 1674 1103 1730 13.
1145 1654 1293 1730 Georgica
1306 1651 1452 1729 Vergilius

297 1736 412 1794 uidetur
420 1738 622 1812 composuisse
634 1750 774 1814 717-724
786 1737 910 1809 A.V.C.,
921 1755 980 1814 quo
992 1747 1124 1813 tempore
1136 1736 1259 1796 Ouidius
1270 1753 1366 1794 annos
1375 1744 1452 1792 aeta-

298 1817 336 1875 tis
346 1820 464 1876 'sextum
479 1819 516 1876 ad
531 1819 677 1878 decimum
692 1820 807 1878 tertium
822 1820 933 1895 agebat.
971 1818 1017 1896 (3)
1027 1817 1104 1890 Quis
1118 1817 1216 1876 credat
1228 1816 1389 1894 Hyginum,
1400 1815 1451 1892 qui

298 1907 378 1957 totus
395 1898 425 1956 in
443 1898 542 1958 litteris
563 1901 740 1972 uersabatur,
756 1909 785 1959 et
805 1902 844 1958 ob
866 1901 1054 1976 multiplicem
1076 1899 1240 1959 doctrinam
1261 1897 1452 1957 bibliothecae

299 1979 447 2038 Palatinae
461 1991 599 2057 praeerat,
611 1981 675 2040 foro
687 1983 895 2041 discurrentem
907 1981 1014 2042 Ouidio
1026 1981 1205 2040 oblatrasse?
1228 1978 1299 2039 Non
1313 1979 1452 2038 conuenit

300 2061 358 2119 hoc
378 2061 451 2132 uiro,
473 2049 642 2138 quo'hemo
663 2082 699 2122 ea
719 2073 813 2122 aetate
835 2082 890 2122 nec
911 2064 1137 2136 πολυμαθέστερος
1156 2062 1210 2120 fuit
1229 2079 1285 2121 nec
1310 2061 1395 2137 plura
1415 2059 1452 2118 de

300 2142 383 2200 omni
402 2161 509 2218 genere
530 2162 626 2202 rerum
646 2145 768 2222 reliquit.
811 2145 1088 2204 Commemorantur
1107 2143 1169 2202 eius
1187 2152 1300 2220 praeter
1321 2159 1356 2200 ea
1377 2158 1453 2218 quae

301 2232 401 2282 extant
419 2224 483 2282 libri
500 2225 537 2284 de
556 2243 587 2284 re
606 2227 719 2299 rustica,
734 2226 770 2286 de
785 2227 896 2303 apibus,
912 2227 948 2284 de
967 2226 1027 2284 uita
1045 2226 1190 2302 rebusque
1209 2223 1360 2282 illustrium
1377 2224 1452 2281 uiro-

300 2323 375 2375 rum,
386 2305 538 2383 Exempla,
550 2307 586 2366 de
600 2308 824 2384 proprietatibus
840 2308 971 2377 deorum,
983 2307 1020 2365 de
1034 2306 1089 2364 diis
1103 2306 1268 2378 Penatibus
1279 2307 1316 2365 de
1330 2305 1452 2362 urbibus
1503 2309 1506 2314 '

302 2385 409 2446 Italicis
427 2396 456 2447 et
476 2388 591 2447 familiis
605 2388 750 2461 Troianis,
765 2389 990 2448 commentarius
1007 2388 1038 2445 in
1052 2387 1151 2446 Heluii
1166 2386 1278 2445 Cinnae
1292 2385 1454 2463 Propemp-

301 2468 381 2527 ticon
393 2468 540 2542 Pollionis,
551 2469 760 2530 Commentarii
774 2471 805 2528 in
814 2470 984 2546 Vergilium.
1018 2468 1116 2527 Etiam
1130 2469 1174 2527 ius
1188 2467 1371 2545 pontificium
1386 2484 1454 2526 eum

302 2550 430 2626 attigisse
444 2561 584 2610 testantur
599 2551 673 2611 Gell.
689 2554 744 2611 xvi.
760 2556 847 2625 6.14,
862 2551 1040 2610 Macrobvi.
1053 2571 1080 2626 9.
1097 2563 1124 2624 7.
1166 2550 1271 2626 Itaque
1285 2549 1455 2624 saepissime

301 2632 405 2692 citatus
419 2643 464 2692 est
477 2642 506 2692 et
520 2634 558 2691 ab
573 2634 742 2711 aequalibus
756 2643 785 2692 et
800 2652 817 2692 a
831 2633 964 2710 posteris,
979 2633 1103 2702 Auieno,
1113 2631 1215 2690 Verrio
1230 2630 1347 2702 Flacco,
1361 2630 1455 2689 Asco-

302 2713 352 2772 nio
374 2713 514 2786 Pediano,
536 2714 706 2787 Columella,
728 2726 791 2774 tum
819 2734 837 2772 a
857 2714 951 2772 Plinio
973 2714 1003 2771 in
1027 2712 1158 2772 Historia
1184 2712 1324 2784 Naturali,
1348 2710 1455 2782 Gelli0,

304 2793 414 2865 Seruio,
438 2794 601 2867 Macrobio,
624 2795 818 2870 Hieronymo,
843 2795 944 2854 Nonio
973 2793 1114 2854 Marcello
1143 2794 1251 2872 (Bunte
1279 2813 1329 2870 pp.
1352 2789 1454 2870 9-16).

303 2875 376 2935 Non
401 2875 481 2935 hunc
508 2877 539 2935 in
563 2877 628 2936 foro
652 2878 813 2948 latrantem,
839 2895 893 2935 nec
922 2878 1029 2935 summi
1056 2884 1161 2954 poetae
1186 2894 1220 2935 ac
1245 2873 1456 2934 familiarissimi

302 2956 379 3016 lacta
395 2958 502 3016 canino
523 2958 610 3017 dente
628 2959 822 3025 mordentem,
844 2976 939 3034 neque
960 2959 1021 3016 eius
1038 2958 1121 3017 uxori
1140 2957 1335 3025 insultantem,
1360 2972 1457 3031 neque

302 3038 447 3115 relliquias
467 3056 560 3115 opum
584 3041 639 3099 sibi
663 3041 883 3116 conquirentem
904 3039 1044 3113 uidisses;
1074 3035 1127 3098 sed
1151 3039 1254 3098 autin
1281 3036 1458 3100 bibliotheca

304 3119 378 3178 inter
398 3125 551 3196 poetarum
573 3131 682 3180 statuas
703 3122 848 3198 legentem
870 3121 1128 3192 exscribentemue,
1151 3130 1201 3178 aut
1221 3127 1376 3179 uacantem
1398 3118 1457 3177 dis·

304 3200 406 3278 cipulis
426 3211 477 3260 aut
497 3219 564 3261 cum
585 3203 674 3261 docto
695 3204 792 3279 aliquo
812 3205 991 3279 loquentem.
1042 3202 1147 3279 Neque
1169 3219 1227 3278 ego
1248 3218 1311 3259 non
1334 3217 1457 3278 possum

304 3281 452 3358 Saluagnii
471 3282 641 3361 opinionem
662 3285 765 3356 mirari,
787 3284 940 3360 Hyginum
966 3283 1052 3342 etiam
1075 3302 1112 3341 ex
1136 3301 1185 3340 uu.
1215 3302 1260 3358 19,
1285 3301 1322 3340 ao
1343 3281 1388 3339 Et
1408 3281 1461 3356 qui

302 3363 433 3422 debuerat
450 3364 557 3423 subitas
577 3367 741 3442 extinguere
752 3366 889 3440 flammas
905 3364 966 3422 Hie
980 3365 1115 3439 praedam
1130 3365 1215 3422 medab
1229 3371 1326 3439 raptor
1346 3363 1381 3421 ab
1395 3365 1459 3438 igne

251 3499 255 3512 ,
299 3447 372 3522 petet
390 3445 546 3518 elicientis;
577 3447 687 3523 quippe
708 3447 841 3506 libertum
858 3447 984 3522 Augusti
1004 3446 1078 3504 inter
1102 3446 1204 3522 uigiles
1229 3463 1293 3503 esse
1318 3445 1457 3520 potuisse,

304 3527 411 3602 quibus
438 3527 639 3586 incendiorum
667 3545 736 3586 cura
761 3527 919 3587 commissa
946 3537 1031 3586 esset.
1079 3527 1172 3600 Quasi
1196 3543 1266 3585 uero
1290 3525 1458 3602 praeposito

234 3673 239 3684 ,
304 3607 498 3666 bibliothecae
519 3608 665 3668 Palatinae
686 3601 765 3668 idem
786 3618 862 3668 esset
882 3627 990 3667 munus
1011 3609 1092 3685 quod
1111 3606 1303 3684 uigilum,‘arit
1323 3605 1460 3666 incendia

304 3689 494 3766 restinguere,
507 3690 597 3749 libros
612 3709 712 3750 curare
725 3692 776 3749 uni
791 3689 944 3767 eidemque
959 3689 1127 3750 demandari
1141 3698 1250 3766 posset.

346 3770 423 3829 Mihi
443 3789 498 3831 nec
520 3779 608 3849 poeta
624 3791 680 3832 nec
699 3773 862 3849 praelectus
881 3770 1073 3831 bibliothecae
1094 3771 1124 3828 in
1145 3770 1228 3829 Ibide
1249 3769 1394 3845 designari
1416 3767 1458 3826 ui-

304 3851 406 3912 detur:
435 3862 532 3912 orator
552 3854 649 3930 potius
670 3854 717 3912 uel
738 3853 850 3913 delator
867 3853 928 3912 fuit.
980 3852 1049 3912 Hoc
1069 3852 1198 3912 indicant
1216 3869 1279 3909 non
1298 3851 1394 3911 solum
1411 3849 1460 3908 illa

306 3933 397 3992 Ibidis
425 3952 461 4006 14
486 3934 581 3994 Iactat
600 3941 627 3993 et
648 3937 678 3993 in
702 3941 753 3994 tata
778 3936 889 3992 nomina
914 3943 1010 3994 nestra
1022 3934 1104 4010 fara,
1132 3952 1168 4008 ²9
1193 3931 1321 3992 Caleasti
1340 3933 1393 4008 qui
1410 3950 1460 4002 me,

306 4014 471 4088 uiolente,
488 4017 625 4088 ebeentem,
643 4019 741 4091 agg-6
760 4015 934 4090 Gutturaque
954 4009 1102 4074 tabuerant
1121 4016 1245 4094 infantia
1266 4016 1333 4072 tacte
1352 4015 1460 4082 cantito,

307 4095 369 4154 He
382 4099 497 4171 prtinus
509 4100 597 4173 pueri
615 4100 691 4158 uenit
708 4101 737 4156 ire
756 4117 807 4156 ora
823 4097 908 4155 cibus.
929 4096 1060 4155 Perbibit
1071 4098 1133 4154 e'rrde
1146 4115 1213 4154 suae
1225 4096 1328 4154 rabiem
1343 4095 1461 4153 nutrias

301 4177 447 4249 alumnus,
461 4177 570 4238 Latrat
582 4185 609 4237 et
627 4183 657 4238 in
677 4185 729 4238 tata
749 4179 835 4238 uerba
852 4179 955 4236 canz'rra
963 4180 1045 4257 sara,
1065 4179 1117 4238 sed
1135 4177 1223 4236 Trist.
1239 4178 1277 4235 iii.
1296 4196 1341 4235 11.
1360 4194 1405 4251 19,
1422 4192 1461 4232 ao

308 4257 353 4315 Et
369 4265 457 4316 tamen
475 4265 514 4316 est
533 4262 634 4336 aliquis
648 4263 701 4336 qui
715 4262 835 4318 uulnera
853 4261 941 4318 cruda
955 4266 1088 4330 retractet,
1104 4257 1206 4317 Saluat
1219 4261 1286 4316 etin
1301 4277 1388 4316 mares
1402 4273 1462 4315 ora

310 4339 435 4397 diserta
448 4358 526 4412 meas,
548 4360 584 4416 31
605 4340 684 4412 Quid
694 4343 855 4412 simulacra,
864 4344 969 4420 ferox,
984 4342 1064 4398 dietis
1078 4342 1190 4400 sucessit
1203 4341 1336 4398 amarti?
1356 4358 1382 4396 v.
1399 4341 1425 4396 8.
1442 4356 1459 4412 3

312 4419 389 4492 Quae
396 4420 450 4479 tibi
455 4440 499 4479 res
507 4424 614 4480 amireos
625 4425 656 4480 in
664 4443 705 4480 me
703 4423 793 4499 facit,
803 4422 941 4499 irreprabet
956 4442 1041 4481 curue
1051 4421 1170 4482 Casibus
1179 4422 1306 4493 r'resultas,
1315 4439 1381 4496 quos
1385 4426 1462 4496 petes

640 4549 655 4582 *
673 4547 732 4594 Sulla
744 4557 849 4595 mortuus
860 4556 894 4594 est
907 4562 967 4595 anno
980 4545 1028 4609 676
1036 4544 1039 4611 Ι
1048 4548 1086 4607 78.
