3296 5210
600 439 949 502 COMMENTARIVS.
1263 438 1265 445 ’
1293 447 1347 504 151

192 595 355 668 Ἀρχίλοχον
373 597 535 668 βαρυλόγοις
558 596 666 666 ἔχθεσιν
686 599 862 666 Πιοινόμενον.
908 598 955 652 Ad
979 596 1092 654 exilium
1117 597 1164 653 uix
1188 598 1350 666 retulerim3

193 669 272 738 quod
289 668 460 724 librorumue
478 685 547 738 quos
565 669 780 722 Lacedaemonii
794 685 809 722 e
824 670 940 723 ciuitate
955 671 1104 740 exportari
1117 672 1268 739 iusserunt,
1282 673 1351 740 quz'a

191 740 308 794 domum
328 740 383 795 sibi
401 741 528 794 ιἰιιιίςαικι
549 739 669 792 obscenis
689 739 844 792 maledictis
865 739 1041 794 lacerauerat
1060 742 1131 809 (Val.
1153 743 1228 796 Max
1243 741 1278 796 vi.
1295 757 1348 810 3.1

193 809 281 879 Ext.),
294 828 331 864 an
350 809 438 880 ipsius
451 809 614 864 Archilochi
627 809 710 864 fuerit
725 811 807 878 (Plut.
824 810 927 864 Lacon.
943 811 1034 865 Instit.
1048 809 1140 878 xxxiv)
1155 811 1184 865 in
1197 811 1283 866 dubio
1296 821 1347 866 est.

192 884 265 938 523.
282 897 396 946 parum
412 884 520 935 stabili
533 880 660 934 Alciatus
674 879 797 949 (Parerg.
814 881 867 934 lur.
882 900 906 935 v.
925 880 966 949 18)
985 881 1097 951 interpr.
1113 882 1148 936 de
1166 882 1350 952 Hipponacte

192 951 241 1021 qui
254 956 363 1022 parum
377 952 475 1006 stabili
484 953 609 1006 carmine
621 951 647 1004 h.
659 968 683 1004 e.
696 950 897 1024 ischiorrogico
914 953 959 1006 uel
977 963 1107 1007 scazonte
1127 953 1208 1006 laesit
1221 953 1350 1007 Athenin

193 1022 247 1090 (sic
266 1022 341 1076 enim
360 1023 427 1091 legit
444 1023 517 1090 Alc.)
531 1033 559 1076 et
579 1023 719 1090 Bupalum
738 1022 897 1090 statuarios,
910 1021 977 1092 quia
994 1022 1132 1092 imagines
1151 1024 1212 1078 eius
1231 1023 1259 1077 in
1278 1024 1349 1078 ludi-

192 1093 286 1146 brium
294 1094 427 1162 fecerant,
436 1102 508 1150 teste
520 1092 598 1147 Suid.
609 1090 814 1158 ε.ιι.“1παῶνοξ;
828 1103 855 1146 et
865 1093 919 1146 hoc
929 1093 1034 1162 placuit
1044 1094 1177 1148 Tumebo
1187 1094 1221 1149 ix.
1233 1109 1248 1147 2
1253 1107 1275 1163 5,
1287 1097 1349 1148 Ten

192 1163 283 1217 Brink
297 1164 325 1219 in
336 1164 472 1233 Philolog.
481 1163 515 1218 vi.
531 1181 558 1233 p.
569 1164 611 1230 68,
623 1162 746 1231 Bergkio
757 1164 835 1217 Poet.
847 1164 911 1231 Lyr.
924 1181 950 1233 p.
961 1176 993 1232 75
998 1176 1020 1232 5.
1048 1165 1123 1220 Sane
1134 1165 1169 1219 de
1182 1175 1349 1235 paupertate

192 1251 245 1288 sua
258 1234 370 1305 saepius
384 1245 499 1304 questus
512 1244 555 1288 est
570 1233 732 1303 Hipponax,
745 1243 775 1288 ut
788 1234 819 1287 fr.
834 1246 863 1299 17
874 1235 896 1286 B
911 1236 962 1290 Δὸς
973 1236 1084 1304 χλαῖναν
1095 1232 1255 1298 Ἱππώνακτι,
1269 1237 1349 1306 κάρτα

191 1306 243 1376 γὰρ
254 1303 318 1377 ριγῶ
332 1306 381 1358 Καὶ
391 1303 557 1373 βαμβακύζω,
569 1305 600 1358 ir.
616 1319 647 1372 19
658 1302 733 1372 Ἐμοὶ
745 1305 796 1390 γάρ
808 1305 854 1358 οὐκ
870 1305 966 1360 ἔδωκας
981 1308 1039 1358 οὔτε
1053 1326 1088 1358 κω
1104 1307 1214 1375 χλαῖναν
1226 1309 1349 1370 Δασεῖαν,

191 1376 219 1428 έν
234 1381 341 1445 χειμῶνι
357 1377 495 1446 φάρμακον
507 1375 602 1445 ῥίγευς,
615 1373 674 1427 οὕτ’
688 1374 814 1444 άσκερησι
832 1374 893 1430 τοὺς
909 1375 991 1430 πόδας
1009 1375 1145 1443 δασείησιν
1156 1374 1303 1447 Ἐκρυψας,
1316 1377 1350 1432 ὧς

191 1445 591 1584 tltztli‘ssltlLlAAi
611 1444 1349 1586 {illllss'ifihilhlllec:tilithi

193 1587 267 1641 Mihi
292 1588 403 1642 uidetur
427 1587 579 1656 significari
601 1587 736 1641 Euboeus
759 1586 918 1642 Pariusde
941 1605 997 1658 quo
1018 1589 1182 1643 Athenaeus
1203 1590 1254 1657 698
1276 1590 1349 1644 haec

191 1658 280 1713 habet
296 1660 400 1712 Πολλοί
417 1680 483 1712 τινες
500 1658 636 1728 παρωδιῶν
652 1658 754 1724 ποιηταὶ
773 1659 922 1728 γεγόνασιν,
940 1658 1106 1727 ἐνδοξότατος
1124 1657 1147 1713 δ’
1161 1657 1192 1726 ἦν
1204 1661 1315 1722 Εὔβοιος
1332 1661 1347 1711 θ

191 1729 298 1799 Πάριος,
316 1731 453 1799 γενόμενος
470 1731 525 1784 τοῖς
543 1730 646 1798 χρόνοις
664 1729 728 1782 κατὰ
746 1729 885 1782 Φίλιππον.
918 1727 994 1785 οὗτός
1014 1729 1086 1783 έστιν
1108 1731 1122 1782 ὁ
1144 1732 1185 1784 καὶ
1204 1728 1350 1797 Ἀθηναίοις

191 1800 421 1868 λοιδορησάμενος,
447 1801 488 1854 καὶ
512 1801 620 1866 σώζεται
644 1799 722 1852 αὐτοῦ
749 1803 801 1852 τῶν
824 1799 959 1868 παρωδιῶν
981 1799 1076 1864 βιβλία
1101 1799 1227 1870 τέσσαρα.
1275 1802 1348 1855 Cum

192 1871 311 1938 Boeoto,
321 1881 349 1925 et
362 1870 426 1941 ipso
437 1870 619 1941 parodiarum
629 1869 773 1938 scriptore,
784 1879 964 1940 comparatur
976 1871 1012 1924 ab
1020 1871 1181 1926 Alexandro
1189 1872 1291 1926 Aetolo
1302 1889 1348 1941 ap.

187 1942 295 1996 Athen.
309 1942 370 2010 699,
384 1941 462 1996 cuius
481 1942 569 1996 uerba
587 1941 624 1996 de
643 1943 752 1994 Boeoto
767 1939 859 1993 Φλόων
870 1941 967 2009 ἀνθηρῇ
985 1941 1034 1994 σὺν
1046 1943 1224 2010 κακοδαιμονίῃ
1237 1953 1347 2010 egesta·

190 2020 250 2066 tem
263 2011 423 2080 significant
436 2011 527 2083 qualis
544 2011 630 2068 etiam
649 2011 678 2066 in
691 2011 819 2077 Euboea
833 2010 916 2065 simili
934 2011 1070 2081 scriptore
1086 2021 1113 2067 et
1146 2013 1174 2066 ui
1188 2012 1216 2066 in
1230 2013 1348 2068 Atheni-

191 2099 275 2136 enses
291 2083 418 2138 inuectus
436 2083 526 2152 fuerit,
540 2083 630 2152 potuit
643 2099 715 2136 esse.
754 2084 817 2136 Nec
833 2083 907 2136 male
927 2082 962 2136 de
981 2083 1106 2152 parodiis
1125 2029 1227 2138 iicitur
1238 2089 1348 2154 parum

190 2153 295 2220 stabili,
308 2154 437 2209 henou
450 2154 479 2208 in
492 2155 607 2222 longum
620 2153 762 2207 duraturo.
799 2154 852 2207 Vel
866 2152 905 2221 (2)
922 2153 1082 2224 Menippus,
1093 2154 1140 2224 qui
1154 2154 1348 2224 σπουδογελοια

192 2223 312 2304 scripsit,
321 2227 430 2294 parum
442 2224 542 2278 stabile
552 2241 673 2291 carmen,
683 2233 714 2277 ut
727 2222 810 2278 docet
824 2223 965 2278 Lucianus
976 2223 1025 2277 Bis
1035 2226 1137 2280 Aecus.
1148 2224 1231 2278 xxxiii
1245 2225 1349 2281 citatus

191 2311 209 2348 a
223 2295 320 2348 Rlesio
330 2297 448 2350 Varron.
460 2297 518 2349 Sat.
530 2312 556 2363 p.
569 2310 597 2348 11
611 2290 712 2362 Κρᾶσίν
724 2316 780 2346 τινα
792 2295 941 2361 παράδοξον
950 2295 1070 2363 κέκραμαι
1084 2298 1123 2348 καὶ
1137 2299 1196 2349 οὔτε
1208 2298 1284 2361 πεζός
1296 2296 1348 2365 εἶμι

191 2368 250 2418 οὔτε
268 2366 310 2419 ἐπὶ
329 2371 379 2420 τῶν
396 2367 497 2436 μέτρων
513 2367 622 2433 βέβηκα,
638 2365 708 2418 ἀλλὰ
726 2362 926 2434 ἱπποκενταύρου
944 2365 1015 2430 δίκην
1032 2363 1156 2419 σύνθετόν
1172 2389 1197 2420 τι
1215 2367 1254 2418 καὶ
1274 2366 1349 2432 ξένον

191 2436 289 2504 φάσμα
300 2439 355 2492 τοῖς
367 2436 491 2490 άκοόουσι
504 2436 578 2489 δοκῶ.
617 2436 673 2490 Hic
690 2435 792 2504 pannis
810 2436 919 2489 uelatus
933 2435 1074 2489 inducitur
1086 2453 1103 2490 a
1118 2436 1243 2491 Luciano
1258 2437 1347 2504 (Dial.

192 2507 279 2561 Mort.
300 2505 316 2561 i.
338 2507 366 2575 2)
390 2517 418 2561 et
442 2507 480 2561 ad
505 2523 646 2560 summam
667 2505 793 2574 inopiam
815 2506 946 2560 redactus
968 2506 1122 2575 suspendio
1143 2507 1232 2562 uitam
1257 2507 1347 2562 finiuit

193 2576 291 2646 (Diog.
312 2579 341 2632 L.
362 2577 399 2632 vi.
421 2577 490 2647 ιοο).
532 2580 578 2631 An
600 2587 643 2631 est
667 2575 706 2645 (3)
730 2577 871 2645 Diagoras
895 2575 1007 2644 Melius,
1030 2587 1208 2646 contemptor
1228 2576 1347 2631 deorum

190 2647 384 2719 philosophus,
398 2648 474 2703 idem
492 2658 577 2718 poeta
595 2647 719 2716 lyricus?
755 2647 844 2714 (Suid
859 2664 880 2700 s.
895 2649 934 2713 ιι.)
972 2647 1030 2700 Hic
1048 2647 1125 2702 enim
1143 2665 1208 2702 cum
1226 2648 1346 2702 Athenis

190 2735 279 2786 agens
301 2721 390 2774 multa
410 2720 445 2774 de
465 2718 617 2774 Eleusiniis
635 2718 772 2788 probrosa
790 2717 943 2786 effudisset,
962 2728 1112 2772 accusatus
1130 2727 1277 2788 tamquam
1295 2719 1346 2772 im·

190 2789 263 2859 piuS,
281 2791 416 2845 Pallenen
432 2789 558 2844 Achaiae
577 2789 606 2844 in
625 2788 738 2843 exilium
757 2805 788 2842 se
806 2787 920 2857 recepit,
939 2798 1083 2858 postremo
1104 2789 1278 2857 Corinthum,
1297 2788 1345 2843 ubi

191 2870 318 2914 mortuus
340 2870 383 2916 est
403 2860 495 2930 (Suid.
517 2877 539 2915 s.
559 2878 595 2929 u,
619 2860 745 2927 Hesych.
765 2857 894 2912 Milesius
916 2875 961 2928 ap.
983 2858 1113 2913 Muelleri
1136 2862 1248 2928 Fragm.
1270 2859 1348 2916 Hist.

192 2933 293 2986 Graec.
307 2930 342 2986 iv.
362 2949 389 3001 p.
406 2931 476 3000 160).
514 2933 591 2985 Nam
610 2929 634 2984 si
653 2929 867 2998 dithyrambicis
886 2946 959 2999 quae
976 2929 1123 2999 scripsisse
1138 2931 1224 2984 fertur
1238 2930 1345 2999 (Schol.

190 3003 240 3056 Ar.
262 3003 334 3056 Ran.
355 3001 418 3070 320)
441 3001 671 3056 contumeliosius
693 3000 801 3055 dixerat
823 3000 859 3054 de
881 3000 968 3054 sacris
987 3001 1034 3054 uel
1054 3001 1097 3054 dis
1119 3000 1346 3068 Atheniensium,

190 3071 292 3126 merito
308 3083 418 3142 poterat
431 3072 486 3126 dici
501 3075 610 3142 parum
627 3071 726 3126 stabili
741 3073 866 3126 carmine
883 3072 995 3126 laesisse
1005 3071 1143 3126 Athenas.
1181 3073 1223 3126 Cf.
1238 3072 1302 3140 Lys.
1317 3071 1346 3126 in

189 3142 301 3198 Andoc.
324 3157 355 3210 17
373 3142 496 3214 Τοσούτῳ
516 3142 538 3197 δ’
557 3141 632 3198 οὗτος
652 3145 780 3211 Διαγόρου
803 3147 850 3196 τοῦ
876 3144 978 3210 Μηλίου
1002 3142 1179 3212 ἀσεβέστερος
1202 3141 1346 3214 γεγένηται·

190 3213 285 3268 ἐκεῖνος
296 3215 343 3282 μὲν
354 3215 406 3284 γάρ
418 3216 502 3286 λόγῳ
519 3214 589 3283 περὶ
605 3213 641 3266 τὰ
657 3213 809 3280 ἀλλότρια
827 3213 893 3282 ἱερά
910 3214 958 3266 καὶ
975 3214 1083 3280 ἑορτὰς
1097 3210 1218 3281 ἠσέβει,
1231 3212 1305 3268 οὗτος
1318 3213 1347 3266 δὲ

190 3284 258 3356 ἔργῳ
275 3285 335 3354 περὶ
353 3286 385 3338 τά
403 3285 431 3338 ε’ν
448 3283 481 3352 τῇ
498 3286 577 3339 αὑτοῦ
595 3285 680 3338 πόλει.
703 3282 855 3353 ὀργίζεσθαι
873 3281 918 3336 οὖν
929 3282 1022 3354 χρή,όν
1039 3283 1129 3352 άνδρες
1140 3281 1278 3351 Ἀθηναῖοι,
1291 3287 1346 3339 τοῖς

190 3354 282 3410 άστοῖς
297 3355 443 3410 ἀδικοῦσι
458 3353 588 3424 μᾶλλονῆ
606 3357 673 3409 τοῖς
691 3354 793 3421 ξένοις
810 3353 881 3422 περὶ
898 3359 994 3407 ταῦτα
1012 3354 1047 3408 τὰ
1066 3356 1140 3425 ἱερά.
1179 3353 1234 3424 Qui
1247 3372 1345 3424 quam·

191 3443 277 3495 quarn
298 3443 317 3480 a
338 3427 423 3495 nullo,
443 3427 520 3496 quod
542 3425 639 3494 sciam,
660 3424 761 3479 dicitur
782 3427 915 3489 periisse
935 3427 1060 3480 inuisus
1079 3427 1243 3480 deficiente
1264 3430 1344 3494 oibo,

192 3506 298 3566 quanto
322 3496 389 3550 odio
413 3496 496 3551 suerit
520 3495 741 3550 Atheniensibus
766 3504 885 3550 testatur
909 3495 1054 3549 decretum
1079 3496 1155 3565 quod
1179 3513 1214 3550 ex
1236 3495 1344 3551 Crateri

191 3568 329 3638 Συναγωγῇ
341 3569 522 3637 ψηφισμάτων
534 3567 602 3622 citat
616 3567 713 3621 Schol.
726 3565 811 3620 Arist.
825 3567 878 3620 An.
890 3578 937 3631 107
941 3580 956 3633 3
969 3566 1009 3636 Τῷ
1021 3566 1069 3633 μέν
1081 3566 1256 3619 ἀποκτείναντι
1268 3567 1346 3620 αὐτὸν

189 3639 318 3691 τάλαντον
329 3639 478 3705 λαμβάνειν,
487 3638 523 3710 τῷ
536 3639 564 3691 δὲ
576 3638 664 3708 άγοντι
677 3635 737 3691 δάος
752 3637 786 3690 cs.
796 3635 881 3689 Diod.
890 3635 946 3690 xiii.
955 3636 987 3702 63
999 3652 1091 3705 neque
1102 3654 1119 3690 a
1131 3654 1199 3690 uero
1211 3638 1345 3692 abhorret

190 3707 352 3764 huiusmodi
374 3718 494 3763 mortem
515 3710 610 3763 fictam
630 3717 731 3778 postea
749 3705 836 3760 fuisse
854 3706 891 3760 ab
910 3706 944 3759 iis
963 3705 1010 3776 qui
1029 3707 1105 3759 άθεον
1122 3717 1255 3761 uocatum
1275 3707 1344 3762 Dia·

191 3796 279 3848 goran
292 3779 496 3835 meminissent.
532 3782 697 3834 Ceterorum
710 3777 885 3832 coniecturas
898 3776 963 3831 uide
977 3794 1022 3846 ap.
1030 3776 1181 3832 Weichert.
1193 3779 1270 3832 Poet.
1282 3779 1344 3833 Lat.

191 3867 218 3930 p.
231 3864 292 3918 319.
363 3853 434 3906 525.
452 3853 539 3915 lyrae
555 3855 645 3904 uetes
661 3853 762 3904 fertur
778 3851 910 3912 periisse
926 3863 1062 3904 seuerae.
1100 3849 1156 3901 Hic
1174 3847 1236 3917 quis
1253 3847 1345 3916 fuerit,

191 3931 337 3975 incertum.
375 3921 405 3975 Si
418 3939 453 3975 ex
466 3921 611 3990 Saluagnii
624 3919 765 3974 sententia
779 3923 909 3974 dextero
926 3922 1012 3974 laese
1030 3918 1100 3972 fides
1118 3917 1225 3972 uiolata
1243 3917 1344 3972 intelli-

190 3991 285 4059 genda
303 4001 355 4060 est,
374 3991 506 4062 equidem
525 3992 561 4047 de
578 3991 778 4045 Timocreonte
795 3989 889 4060 potius
908 4006 993 4062 quarn
1013 3990 1049 4044 de
1067 3988 1165 4043 Alcaei
1184 3988 1344 4042 minacibus

193 4061 326 4116 Camenis
340 4063 423 4131 (Hor.
438 4064 469 4118 C.
483 4062 518 4116 iv.
529 4077 554 4131 9.
564 4061 592 4130 7)
606 4061 781 4131 interpretor,
795 4059 924 4130 quamuis
937 4059 967 4114 id
979 4077 1065 4114 nemo
1077 4069 1143 4114 ante
1156 4076 1201 4114 me
1214 4058 1345 4113 uideatur

191 4132 355 4188 coniecisse.
400 4133 472 4188 Plut.
492 4134 593 4188 Them.
612 4132 657 4185 xxi
678 4131 822 4202 Τιμοκρέων
843 4128 865 4185 δ’
888 4133 902 4184 ὁ
922 4129 1020 4185 Ῥόδιος
1041 4131 1180 4200 μελοποιός
1201 4129 1228 4182 έν
1245 4126 1346 4198 ᾄσματι

191 4204 345 4257 καθάπτεται
357 4207 509 4274 πικρότερον
520 4207 566 4257 τοῦ
579 4203 795 4272 θεμιστοκλέους,
808 4202 842 4258 ὡς
857 4203 956 4257 ἄλλους
971 4202 1018 4270 μὲν
1030 4203 1072 4254 ἐπὶ
1089 4199 1205 4288 γρήμασι
1223 4200 1346 4287 φυγάδας

191 4272 397 4344 διαπραξαμένου
413 4274 553 4340 κατελθεῖν,
566 4275 643 4328 αὐτόν
655 4274 683 4327 δέ
699 4273 773 4341 ξένον
785 4272 846 4327 ὄντα
861 4275 902 4326 καὶ
914 4273 995 4342 φίλον
1006 4292 1148 4341 προεμενου
1165 4269 1196 4324 δι’
1210 4271 1344 4342 άμγυριον.

190 4343 261 4413 λέγει
274 4343 297 4398 δ’
307 4344 387 4400 οὕτως
398 4346 472 4415 (post
482 4345 581 4400 laudes
590 4343 734 4413 Aristidis)
745 4344 801 4398 έπεὶ
811 4341 987 4411 θεμιστοκλῆ’
999 4342 1096 4412 ἤχθαρε
1106 4343 1189 4409 Λατώ,
1202 4340 1345 4396 Ψεύσταν

190 4415 305 4483 άδικον,
329 4416 492 4486 προδόταν,
517 4415 545 4471 δς
571 4415 779 4484 Τιμοκρέοντα
803 4416 892 4470 Ξεῖνον
916 4413 982 4468 ἐόντ’
1005 4413 1153 4484 ἀργυρέοισι
1176 4415 1347 4476 κυβαλικοῖσι,

126 4556 127 4560 ¹
189 4486 307 4559 πεισθεὶς
325 4487 356 4540 οὐ
375 4489 484 4558 κατᾶγεν
499 4485 544 4542 Ἐς
560 4483 663 4554 πατρίδ’
680 4486 809 4552 Ἰάλυσον,
821 4487 911 4549 λαβὼν
930 4484 958 4538 δὲ
974 4483 1030 4554 Τρί’
1048 4482 1161 4555 ἀργύρου
1177 4481 1282 4538 τάλαντ’
1294 4485 1344 4547 ἔβα

190 4557 278 4613 πλέων
293 4558 329 4613 εἷς
348 4556 465 4629 ὄλεθρον,
478 4557 543 4614 Τοὺς
560 4559 607 4627 μέν
624 4557 740 4629 κατάγων
756 4556 857 4624 ἀδίκως,
869 4555 928 4612 τοὺς
944 4554 966 4609 δ’
980 4555 1114 4622 ἐκδιώκων,
1127 4554 1187 4612 τοὺς
1202 4555 1230 4610 δέ
1243 4555 1347 4623 καίνων,
