3294 5214
268 429 309 502 in
725 428 971 503 annonario.

270 599 418 676 praeditus
439 599 557 676 ingenio
577 598 735 676 Dionysius
758 599 931 676 Saluagnius
951 599 1089 659 Boessius
1109 597 1214 678 (Denis
1234 600 1270 660 de
1290 600 1421 660 Boissieu

271 692 308 750 de
326 690 473 772 Salvaing)
487 694 537 770 qui
556 711 759 770 quaecumque
779 693 893 752 dehoc
913 695 1041 753 carmine
1060 693 1136 775 edita
1155 693 1266 753 fuerant
1285 695 1421 771 exigeret,
1461 763 1462 766 Ἴ

270 803 339 844 uera
352 786 431 845 falsis
445 786 627 858 discerneret,
643 787 743 846 omnia
758 786 855 863 largae
870 787 1039 846 eruditionis
1054 786 1118 846 luce
1133 787 1304 846 inlustraret.
1344 788 1422 846 Edu-

270 889 352 940 catus
372 880 463 939 fuerat
483 899 545 940 non
566 881 654 957 longe
674 899 692 939 a
710 881 800 940 domo
823 899 874 940 sua
889 881 1021 940 Viennae
1043 881 1073 938 in
1095 881 1219 957 collegio
1240 882 1421 953 Iesuitarum

270 992 341 1032 mox
362 975 392 1032 in
407 974 599 1034 Vniuersitate
617 975 803 1047 Parisiorum,
822 975 871 1033 ubi
893 973 1068 1051 Dionysium
1086 973 1247 1047 Petauium‚
1267 975 1423 1035 Nicolaum

271 1069 454 1140 Caussinum,
469 1067 604 1134 Isaacum
621 1067 794 1140 Habertum,
814 1068 1001 1128 Fredericurn
1020 1068 1186 1138 Morellum,
1209 1068 1350 1128 Iacobum
1366 1071 1422 1129 Sir-

215 1236 218 1242 ,
271 1163 415 1222 mondum
439 1163 576 1222 audierat.
628 1162 689 1221 luri
713 1162 790 1222 ciuili
812 1162 964 1222 Valentiae
992 1162 1121 1222 incubuit
1146 1180 1225 1221 anno
1253 1167 1339 1236 1621,
1364 1165 1423 1222 iam

271 1257 411 1317 confectis
425 1257 720 1316 commentationibus
734 1258 764 1315 in
778 1257 846 1315 Ibin
860 1257 884 1316 si
899 1257 1044 1317 credimus
1062 1257 1117 1332 ipsi
1137 1256 1174 1315 ad
1192 1275 1220 1314 u.
1237 1260 1309 1332 637:
1334 1262 1424 1334 ‘quas

225 1383 227 1387 ·
271 1351 431 1410 admodum
445 1350 557 1409 iuuenis
571 1351 735 1426 auspicatus
750 1367 815 1408 sum
824 1349 958 1408 Viennae
967 1349 1172 1425 Allobrogum,
1184 1351 1320 1426 promoui
1335 1350 1422 1409 Lute-

270 1445 328 1504 tiae
353 1444 535 1516 Parisiorum,
560 1443 672 1502 absolui
697 1444 816 1503 tandem
844 1443 874 1500 in
896 1443 1035 1502 Voreano
1059 1441 1195 1522 (Vourep)
1219 1462 1288 1510 meo
1313 1462 1423 1503 annum

271 1555 362 1614 agens
383 1538 484 1598 aetatis
504 1536 694 1598 uicesimum!
737 1537 795 1596 Sed
815 1538 917 1597 nescio
939 1555 997 1614 qua
1018 1555 1105 1596 cansa
1126 1538 1280 1614 inpedituS,
1302 1537 1423 1598 fortasse

271 1633 422 1692 amoribus
442 1633 546 1709 quibus
567 1649 598 1691 se
619 1632 743 1690 nimium
765 1632 894 1691 deditum
919 1632 1006 1690 fuisse
1026 1631 1182 1690 confitetur
1205 1631 1234 1689 in
1258 1631 1362 1708 Elegia
1386 1632 1423 1705 de

270 1726 339 1785 Vita
363 1744 423 1798 sua,
447 1735 475 1785 et
499 1725 530 1784 in
553 1724 649 1783 libello
675 1742 764 1801 quem
788 1725 825 1783 de
850 1726 910 1784 suis
934 1726 1005 1784 actiS
1030 1726 1148 1802 propria
1172 1725 1423 1802 manuscriptum

273 1820 384 1880 Gallice
411 1819 534 1896 reliquit,
562 1819 629 1877 Ibin
656 1837 718 1878 non
746 1828 813 1877 ante
842 1837 953 1877 annum
982 1823 1058 1894 1633
1087 1819 1247 1895 publicauit
1276 1819 1421 1894 Lugduni.

270 1913 411 1974 Eiusdem
432 1913 501 1973 anni
524 1931 625 1972 mense
647 1913 722 1972 Iulio
744 1912 868 1986 Romae,
891 1931 950 1990 quo
975 1932 1044 1972 eum
1068 1913 1238 1973 Ludouicus
1260 1913 1337 1971 XIII
1357 1932 1422 1972 ora-

271 2020 365 2068 torem
383 2027 452 2068 cum
473 2007 580 2067 Carolo
601 2005 730 2084 Crequio
752 2007 1005 2084 Lesdigueriarum
1025 2003 1100 2066 duc'e
1119 2009 1244 2080 miserat,
1259 2008 1423 2067 orationem

268 2103 370 2163 habuit
389 2102 420 2160 in
441 2102 506 2161 aula
525 2101 606 2177 regia
622 2101 766 2160 VatIcana
786 2101 823 2160 ad
842 2101 995 2159 Vrbanum
1011 2102 1088 2160 VIII
1110 2101 1235 2182 (Maffeo
1258 2099 1421 2180 Barberini)

270 2198 303 2257 P.
312 2196 354 2254 M.
387 2195 446 2256 Hic
461 2205 489 2255 et
503 2205 565 2255 turn
576 2194 765 2272 Saluagnium
778 2196 809 2253 in
824 2213 941 2254 summo
955 2195 1068 2255 honore
1083 2196 1183 2255 habuit
1198 2205 1226 2254 et
1241 2215 1422 2272 permenses

271 2299 407 2368 quattuor
421 2290 526 2367 quibus
541 2287 656 2348 Romae
670 2291 905 2369 commorabatur
919 2291 1035 2366 saepius
1050 2309 1117 2348 cum
1132 2309 1168 2349 eo
1181 2290 1353 2349 conlocutus
1368 2299 1420 2360 est,

270 2386 443 2463 plerumque
461 2385 497 2444 de
518 2384 616 2444 litteris
637 2393 665 2444 et
686 2384 777 2462 poesi,
799 2385 829 2443 in
850 2402 908 2462 qua
928 2385 991 2461 ipse
1008 2384 1142 2445 Pontifex
1162 2403 1224 2443 non
1244 2385 1422 2443 mediocrem

271 2480 394 2557 gloriam
414 2487 590 2540 consecutus
610 2487 679 2538 erat.
723 2477 782 2537 Sed
806 2488 835 2538 et
858 2479 939 2539 Luca
961 2478 1118 2539 Holstenio
1141 2488 1169 2537 et
1193 2479 1295 2537 Leone
1315 2478 1421 2537 Allatio

210 2643 212 2646 ¹
269 2591 339 2635 usus
361 2582 405 2633 est
429 2572 604 2632 familiariter
625 2573 701 2632 adeo
723 2582 754 2632 ut
779 2573 887 2632 abillo
909 2573 1027 2633 codices
1048 2572 1137 2632 MSS.
1158 2582 1306 2632 mutuatus
1328 2573 1373 2644 sit,
1395 2582 1423 2632 et

271 2685 339 2727 curn
355 2667 528 2743 Saluagniu's
543 2666 698 2725 Holstenio
712 2666 912 2725 confirmasset
926 2677 1024 2725 extare
1039 2666 1146 2724 editam
1161 2665 1256 2742 Satyri
1273 2668 1424 2740 Συναγωγὴν

270 2764 419 2832 θαυμασίων
432 2757 609 2834 ἀκουσμάτων,
624 2760 678 2831 ille,
694 2760 743 2836 qui
758 2777 823 2818 eam
838 2777 1000 2836 numquam
1014 2759 1142 2830 uidisset,
1158 2759 1378 2819 emendationes
1393 2761 1423 2818 in

270 2854 337 2913 Ibin
365 2873 396 2913 se
424 2854 606 2913 conlaturum
634 2850 851 2929 spoponderit*
881 2853 904 2911 si
933 2852 1107 2929 Saluagnius
1137 2853 1173 2911 de
1202 2852 1304 2929 Satyro
1334 2853 1422 2912 fidem

271 2948 465 3027 praestitisset.
500 2946 648 3006 Reuersus
662 2947 692 3004 in
707 2946 828 3022 patriam
842 2964 959 3022 praeses
974 2947 1067 3005 factus
1082 2957 1126 3006 est
1141 2944 1246 3006 Curiae
1262 2946 1423 3005 Rationum

271 3041 348 3100 Fisci
369 3040 447 3117 apud
467 3039 657 3118 Delphinates
678 3048 706 3099 et
727 3040 758 3096 in
771 3039 911 3098 Voreano
931 3041 1087 3098 consenuit
1108 3041 1204 3117 ibique
1226 3051 1358 3099 mortuus
1379 3049 1423 3098 est

269 3155 349 3194 anno
375 3138 462 3210 1683,
486 3135 536 3212 qui
561 3135 613 3193 fuit
636 3134 792 3193 uicesimus
816 3132 886 3191 alter
910 3143 978 3209 post
1001 3134 1069 3192 Ibin
1094 3135 1197 3192 iterum
1222 3134 1332 3192 editam
1355 3153 1423 3194 cum

271 3240 368 3289 uetere
385 3229 545 3288 Scholiasta
559 3247 584 3288 a.
599 3231 683 3287 1661.

226 3351 227 3355 ¹
313 3322 461 3382 Gloriatus
480 3331 523 3382 est
542 3324 605 3400 ipse
619 3322 655 3380 de
674 3340 705 3382 se
720 3321 895 3397 Saluagnius
917 3321 948 3379 in
969 3320 1062 3397 elegia
1082 3320 1192 3380 Eduxi
1209 3322 1326 3379 tenebris
1346 3321 1421 3393 Ibin,

271 3417 440 3492 salebrz‘sque
467 3418 578 3475 remotas
609 3415 672 3486 Oua
696 3417 781 3491 plano
808 3417 891 3473 docui
914 3416 1026 3473 tramite
1053 3415 1134 3472 lector
1158 3422 1208 3472 eal.
1259 3413 1364 3491 Neque
1393 3415 1422 3474 id

271 3511 404 3568 inmerito
424 3510 507 3570 fecit:
534 3528 604 3569 nam
624 3528 692 3569 cum
713 3508 771 3568 hoc
789 3509 906 3568 conlata
924 3510 1012 3568 etiam
1031 3509 1143 3585 optima
1162 3527 1237 3585 quae
1259 3519 1326 3567 ante
1345 3511 1422 3566 1600

271 3603 450 3681 prodierunt,
478 3602 558 3662 uelut
585 3603 703 3681 Micylli,
732 3603 910 3662 sordebunt:
947 3603 1022 3663 adeo
1048 3622 1116 3662 cum
1143 3604 1219 3662 ueris
1247 3603 1327 3676 falsa,
1354 3621 1422 3663 cum

271 3697 370 3756 solidis
391 3697 489 3756 inania
510 3707 539 3756 et
560 3716 637 3757 uana
658 3698 849 3774 coniungunt.
891 3697 1005 3756 Primus
1023 3708 1053 3756 et
1073 3698 1163 3757 sensit
1185 3707 1213 3756 et
1234 3699 1333 3757 docuit
1354 3717 1421 3756 nus*-

270 3808 360 3867 quam
378 3791 462 3850 latius
481 3791 585 3851 falsum
605 3792 759 3868 serpsisse;
784 3791 830 3851 res
849 3793 872 3850 si
890 3811 959 3852 uera
975 3792 1027 3851 sed
1041 3792 1165 3851 obscura
1179 3793 1303 3862 suberat,
1319 3808 1373 3867 pro
1388 3809 1423 3850 ea

270 3895 320 3943 aut
333 3903 452 3961 prorsus
462 3885 561 3945 fictam
573 3886 708 3962 supponi,
719 3895 777 3957 aut,
790 3885 870 3962 quod
884 3896 1003 3962 propter
1014 3885 1135 3944 Domitii
1147 3885 1314 3961 exemplum
1329 3885 1422 3945 multo

270 3977 364 4037 fuerat
384 3979 523 4050 crebrius,
544 3979 621 4038 ueris
642 3979 715 4038 falsa
736 3979 846 4056 adtingi
867 3979 968 4050 solere,
990 3979 1078 4056 idque
1099 3979 1186 4037 etiam
1207 3997 1225 4036 a
1246 3977 1422 4037 doctissimis

249 4088 251 4092 ·
271 4069 385 4130 Merula
399 4072 514 4132 Alciato
529 4072 647 4142 Sanctio
663 4071 724 4152 (pp.
743 4075 809 4147 198,
829 4091 894 4145 140,
912 4069 997 4150 255):
1023 4071 1094 4130 nihil
1112 4090 1175 4130 esse
1190 4072 1270 4147 prius
1284 4073 1321 4130 ab
1336 4072 1421 4129 inter-

270 4174 352 4241 prete
363 4165 549 4241 exigendum,
561 4184 650 4242 quam
661 4175 693 4224 ut
708 4167 812 4225 ficticia
825 4174 997 4238 remoueret,
1010 4165 1051 4224 sic
1063 4165 1100 4223 ad
1111 4166 1247 4224 ulteriora
1257 4171 1286 4222 et
1299 4165 1421 4224 rectiora

182 4309 187 4314 .
270 4257 501 4334 progrederetur.
543 4259 715 4336 Numquam
739 4259 824 4335 igitur
847 4259 1005 4335 Saluagnio
1026 4258 1175 4318 doctrinae
1196 4257 1352 4317 adfectatio
1377 4258 1420 4315 in-

271 4352 370 4436 posuit
379 4370 388 4423 ;
412 4352 463 4412 sed
481 4352 530 4430 qui
549 4354 649 4414 omnia
668 4362 717 4412 aut
737 4362 814 4412 certe
832 4354 969 4430 pleraque
987 4361 1119 4411 ueterum
1139 4342 1245 4427 scripta
1263 4359 1368 4424 nosset,
1384 4350 1422 4409 ad

695 4499 709 4533 *
727 4498 762 4545 De
774 4497 910 4546 Terrebasse
921 4511 943 4558 p.
956 4509 1010 4559 1²5·
1058 4546 1060 4551 ,
