3294 5214
313 450 365 512 na
516 407 519 412 ’
744 448 1071 512 rnonreonann.

317 616 350 666 ut
371 623 426 664 nec
449 604 620 665 Callimachi
643 623 732 682 quem
758 604 829 665 alias
853 623 915 664 non
938 623 1002 664 raro
1026 605 1185 681 usurpauit,
1208 621 1263 663 nec
1288 602 1472 664 Cleombroti

318 688 475 764 uestigium
492 687 651 746 seruauerit
659 707 668 760 ;
689 686 763 747 salsa
781 687 883 746 omnia
899 705 993 763 eaque
1011 685 1162 763 perinepta
1181 684 1217 744 de
1232 685 1384 745 Alcibiade
1399 703 1472 744 con·

319 770 440 828 finxerit
486 768 599 828 Rursus
620 767 839 828 considerentur
859 767 970 828 scholia
993 780 1051 842 475
1071 767 1108 827 de
1128 767 1327 839 Telchtnibus,
1351 769 1408 841 561
1434 767 1471 826 de

319 850 438 911 Haemo
453 860 482 910 et
497 849 656 927 Rhodope.
698 848 772 909 Esto
786 859 819 908 ut
832 868 902 908 uera
916 850 947 907 in
961 849 1005 908 his
1019 867 1081 908 non
1095 849 1132 908 sit
1146 849 1301 925 explicatio
1315 866 1469 921 uersuum;

249 965 255 972 =
316 950 404 990 uerae
418 943 517 991 tamen
531 931 675 1002 historiae,
690 949 787 1008 neque
801 949 853 990 eae
867 931 1011 1007 uulgares,
1026 940 1058 989 ut
1071 948 1090 989 a
1103 930 1185 989 bono
1199 929 1279 989 fonte
1293 930 1470 990 deriuandae

317 1012 430 1072 luerint.
472 1012 559 1072 Certe
588 1012 735 1072 Leuconis
763 1022 792 1072 et
820 1013 960 1090 Spartaci,
989 1029 1091 1088 regum
1119 1011 1214 1082 Ponti,
1243 1011 1365 1070 nomina
1392 1030 1469 1088 quae

318 1095 490 1154 scholiastae
506 1094 614 1153 habent
629 1093 666 1154 ad
682 1111 876 1170 3100010011
892 1112 964 1154 uero
980 1092 1070 1163 fonte,
1085 1094 1146 1152 siue
1160 1092 1295 1152 Diodoro
1314 1093 1375 1151 siue
1394 1093 1469 1152 alius

265 1203 273 1218 ·
318 1176 383 1252 quis
397 1175 458 1246 luit,
473 1175 690 1251 profluxerunt:
713 1193 892 1252 quamquam
910 1175 1012 1234 dubito
1031 1193 1101 1233 num
1122 1173 1159 1233 ad
1173 1174 1228 1233 hos
1247 1175 1367 1234 historia
1381 1176 1469 1250 perti-

317 1267 393 1316 neat.
415 1256 461 1315 Ex
473 1257 607 1317 Diodoro
622 1276 657 1316 ea
671 1266 787 1333 sumpta
801 1267 833 1316 ut
847 1256 957 1326 eredas,
968 1265 1066 1334 potest
1079 1255 1207 1330 adlegari
1217 1254 1306 1315 schol.
1321 1270 1380 1330 505
1389 1256 1468 1332 quod

319 1357 388 1397 cum
402 1339 433 1397 in
444 1339 592 1415 Saluagnii
604 1338 705 1398 codice
717 1339 759 1398 sic
774 1339 913 1416 scriptum
925 1338 960 1396 sit
970 1337 1008 1395 In
1019 1337 1222 1413 Androgalhoiz
1235 1339 1344 1414 regione
1353 1343 1469 1396 νικαῖον

318 1425 394 1481 κ.τ.λ.
409 1432 486 1480 recte
500 1419 651 1480 Ehualdus
670 1420 810 1479 intellexit
829 1437 867 1478 ex
888 1419 1012 1478 Diodori
1032 1419 1129 1478 uerbis
1143 1418 1180 1478 iv.
1196 1437 1232 1476 22
1248 1421 1356 1494 κυνηγὸν
1369 1421 1396 1474 ἐν
1413 1424 1468 1478 τοῖς

316 1505 380 1558 κατὰ
394 1504 441 1574 τὴν
454 1502 532 1576 θήραν
548 1502 759 1577 ἀνδραγαθήμασι
773 1502 978 1573 διωνομασμένον
991 1509 1128 1576 pendere,
1143 1504 1196 1560 sed
1214 1508 1290 1559 male
1307 1500 1466 1560 intellectis.

315 1583 428 1642 Verum
443 1584 592 1659 Saluagnii
614 1583 732 1643 codices
755 1583 840 1642 ualde
862 1600 967 1642 uereor
988 1601 1027 1641 ne
1051 1581 1158 1641 saeculi
1185 1601 1223 1640 xv
1247 1581 1371 1641 fuerint:
1404 1582 1467 1641 eius

315 1676 392 1725 certe
408 1683 483 1725 saec.
499 1666 593 1724 codex
608 1674 652 1724 est
666 1664 826 1724 Vaticanus
840 1665 870 1722 in
886 1681 945 1740 quo
960 1662 1039 1722 idem
1053 1681 1163 1723 nomen
1177 1663 1284 1736 Inueni,
1299 1673 1331 1722 ut
1345 1672 1467 1722 testatus

315 1765 381 1805 sum
397 1747 434 1806 ad
447 1746 505 1806 loc.
522 1746 582 1818 Qui
601 1747 696 1806 codex
711 1764 772 1822 quo
786 1745 900 1822 plenius
914 1744 1013 1805 locum
1025 1744 1150 1803 Diodori
1164 1744 1271 1816 citauit,
1287 1744 1344 1804 hoc
1358 1745 1466 1805 certius

315 1829 477 1888 doctrinam
492 1829 566 1904 sapit
579 1828 758 1886 renascentis
773 1827 923 1896 Graeciae,
939 1826 1007 1885 dico
1021 1825 1149 1885 eruditos
1163 1844 1239 1886 saec.
1255 1845 1303 1884 xv.

356 1908 444 1968 Hanc
458 1909 608 1969 uetustatis
623 1909 803 1984 opinionem,
816 1927 852 1968 ex
867 1910 953 1968 rebus
968 1907 1094 1979 ductam,
1109 1908 1197 1967 etiam
1211 1907 1266 1966 alia
1281 1907 1464 1966 confirmant.

313 1990 402 2050 Velut
424 1991 454 2048 in
475 1989 501 2050 C
522 1999 551 2048 et
572 1989 658 2049 Bern.
681 1989 761 2066 quod
778 1989 890 2070 'legitur
911 1988 1068 2066 Spartacon
1089 2008 1157 2063 310,
1178 1989 1239 2048 edos
1260 1987 1383 2068 (Arolos)
1406 1991 1465 2064 388

315 2071 397 2148 quod
411 2072 441 2131 in
453 2072 487 2141 C,
497 2073 600 2130 ancillo
614 2073 747 2147 soquodem
761 2071 845 2129 larris
859 2072 1012 2130 uocabatur
1023 2085 1080 2146 352
1094 2070 1174 2148 quod
1188 2070 1257 2130 latet
1268 2071 1298 2129 in
1309 2070 1342 2142 P,
1354 2069 1467 2129 Tauros

316 2158 374 2229 384
397 2155 427 2211 10
441 2153 466 2213 C
487 2164 516 2212 et
534 2152 606 2225 Ask,
621 2154 694 2211 Aren
708 2151 817 2231 (Attr'n)
833 2167 890 2228 507
907 2154 938 2212 in
954 2153 1027 2224 Ask,
1042 2171 1080 2212 ex
1100 2170 1137 2212 eo
1158 2162 1289 2228 ternpore
1311 2162 1466 2228 supersunt

314 2254 375 2314 quo
400 2236 514 2295 Graeca
538 2235 659 2294 nomina
683 2233 800 2294 Graeco
827 2251 909 2293 more
938 2235 1144 2293 scribebantur.
1192 2233 1303 2293 Contra
1331 2234 1412 2312 quod
1436 2233 1466 2292 G

313 2317 402 2376 habet
416 2317 446 2375 in
462 2330 519 2392 547
535 2315 725 2375 Mommertus
738 2317 783 2374 uel
795 2324 824 2376 to
838 2315 1017 2392 diligentiam
1032 2316 1211 2376 demonstrat
1230 2316 1341 2374 scribae
1359 2316 1409 2392 qui
1427 2315 1466 2374 de

312 2418 381 2458 uera
395 2399 552 2458 inflexione
566 2398 701 2459 uocabuli
715 2399 883 2459 haesitabat.

355 2481 492 2540 Notiores
513 2479 626 2540 fabulas
642 2480 820 2539 Scholiastae
839 2481 879 2538 ita
900 2487 1018 2538 narrant
1039 2487 1070 2537 ut
1090 2479 1140 2537 ubi
1162 2479 1240 2556 apud
1256 2477 1396 2538 Ouidium
1417 2477 1465 2536 uel

316 2563 439 2622 Statium
457 2572 556 2621 extant
570 2581 607 2620 ex
620 2562 665 2621 his
679 2562 751 2638 ipsis
765 2562 882 2620 duxisse
896 2561 1058 2620 uideantur.
1100 2560 1206 2620 Rarius
1222 2560 1313 2620 Seruii
1328 2561 1374 2620 uel
1389 2559 1464 2620 Lac-

314 2645 394 2703 tantii
410 2644 645 2716 commentarios,
660 2662 755 2719 neque
774 2661 915 2720 umquam
937 2642 1005 2718 ipsis
1026 2642 1130 2715 uerbis,
1147 2643 1237 2702 secuti
1258 2651 1334 2701 sunt.
1375 2641 1464 2700 Velut

316 2745 375 2800 339
398 2727 434 2785 de
456 2725 611 2784 Palamede
633 2743 709 2802 quae
730 2725 839 2783 habent
854 2723 909 2784 GC
918 2723 983 2782 Ask
1004 2733 1103 2782 extant
1124 2742 1159 2782 ea
1180 2723 1299 2800 quidem
1320 2742 1366 2799 ap.
1382 2722 1462 2782 Seru.

315 2809 390 2866 Aen.
403 2808 429 2865 ii.
443 2811 479 2865 82
493 2817 522 2866 et
532 2805 767 2883 Mythographos
778 2805 937 2865 Vaticanos
949 2806 967 2862 i.
981 2821 1028 2880 35,
1039 2805 1067 2864 ii.
1082 2824 1148 2876 200,
1159 2805 1211 2865 sed
1222 2806 1262 2864 eis
1273 2806 1377 2876 uerbis,
1388 2823 1464 2881 quae

315 2888 403 2947 latIne
432 2889 573 2947 scientem
601 2887 749 2965 prodant;
786 2886 876 2946 Ibidis
904 2887 1078 2946 scholiastae
1110 2905 1246 2946 sermone
1273 2896 1391 2946 utuntur
1418 2887 1463 2944 in-

315 2978 437 3045 compto
451 2970 632 3046 plerumque,
646 2987 869 3045 nonnumquam
887 2968 1010 3028 barbaro
1025 2967 1072 3027 uel
1086 2969 1116 3027 in
1134 2968 1297 3027 barbariem
1315 2978 1462 3044 uergente.

315 3051 413 3109 Etiam
435 3050 519 3109 Mure
541 3051 591 3127 qui
610 3050 754 3109 Lactantii
775 3051 865 3110 uerba
886 3051 924 3109 ad
946 3049 1016 3109 Stat.
1030 3049 1124 3109 Achil.
1139 3051 1157 3109 i.
1173 3068 1210 3124 93
1226 3068 1326 3125 presse
1348 3060 1464 3109 secutus

316 3141 369 3203 est,
390 3133 481 3190 multa
502 3142 601 3190 tamen
621 3132 781 3190 inmutauit.
824 3131 888 3190 Iam
907 3134 976 3204 366,
994 3146 1063 3207 473,
1078 3145 1136 3206 555
1159 3132 1296 3190 historiae
1317 3129 1463 3190 Oenomai

317 3212 474 3284 Salmonei,
486 3212 590 3272 Glauci
605 3231 754 3290 equarum,
767 3213 858 3271 Ibidis
873 3213 990 3272 scholiis
1002 3231 1069 3272 cum
1085 3213 1186 3272 Serqu
1200 3222 1229 3270 et
1240 3211 1463 3289 Mythographis

316 3293 466 3355 Vaticanis
485 3313 658 3354 communes
678 3303 753 3354 sunt.
796 3293 855 3352 Sed
870 3295 1002 3353 Seruium
1016 3293 1223 3370 Mythographi
1242 3295 1463 3370 exscripserunt,

316 3377 407 3436 Ibidis
422 3376 593 3435 scholiastae
607 3378 652 3436 bis
666 3376 794 3434 semelue
808 3375 942 3447 referunt,
960 3379 1017 3450 366
1030 3377 1114 3434 cereri
1125 3376 1239 3446 axedus,
1257 3390 1315 3449 555
1330 3377 1463 3434 dilacero-

317 3465 424 3516 uerum.
466 3457 535 3530 Qua
548 3459 578 3516 in
597 3477 629 3517 re
649 3458 752 3516 errauit
765 3456 915 3515 Ehualdus
931 3457 1001 3516 dum
1015 3458 1171 3516 uerborum
1187 3457 1378 3532 deprehendit
1393 3475 1463 3516 con-

315 3552 434 3598 centum
455 3540 505 3615 qui
526 3548 575 3598 aut
592 3539 687 3598 nullus
705 3549 755 3598 aut
769 3539 956 3598 tenuissimus
973 3548 1026 3610 est,
1041 3537 1291 3616 quemadmodum
1311 3555 1463 3615 perperam

315 3622 353 3680 ad
371 3621 521 3680 Valerium
541 3621 690 3681 reuocauit
710 3620 820 3680 scholia
841 3620 878 3679 de
898 3620 1038 3698 Euripide
1058 3629 1088 3678 et
1109 3618 1221 3679 Milone
1244 3633 1312 3693 595,
1335 3623 1403 3696 609,
1425 3620 1464 3678 ad

317 3703 470 3780 Hyginum
492 3703 529 3762 de
546 3703 666 3779 Pelopia
686 3712 716 3761 et
735 3701 909 3778 Nyctimene
926 3722 993 3778 359,
1009 3703 1046 3761 de
1065 3701 1191 3760 Idmone
1213 3711 1241 3760 et
1255 3701 1378 3760 Ancaeo
1394 3716 1463 3776 503,

314 3785 352 3844 de
367 3785 531 3863 Hippolyto
546 3794 654 3862 nepote
667 3784 792 3843 Aethrae
808 3796 876 3859 577.

357 3866 441 3926 Idem
455 3866 604 3926 Ehualdus
619 3885 655 3926 ex
669 3865 810 3943 loquendi
819 3869 931 3941 'genere
946 3864 1054 3941 colligit
1071 3864 1182 3924 scholia
1201 3864 1273 3924 haec
1292 3865 1322 3923 in
1337 3863 1431 3925 Gallia
1446 3883 1463 3924 a

316 3949 421 4008 clerico
450 3948 615 4025 conscripta
642 3947 730 4007 fuisse
759 3949 884 4022 septimo
911 3946 959 4005 uel
986 3956 1092 4006 octavo
1120 3945 1253 4018 saeculo;
1287 3946 1356 4005 delo
1379 3947 1464 4006 huius

315 4030 521 4089 adnotationes
545 4031 590 4088 bis
611 4039 711 4088 auctas
732 4038 761 4088 et
782 4030 937 4087 immutatas
958 4046 1031 4100 esse,
1052 4029 1178 4104 primum
1200 4027 1316 4086 decimo
1341 4028 1387 4086 uel
1410 4047 1464 4087 un-

315 4113 431 4171 decimo
456 4111 583 4184 saecule,
605 4112 708 4170 iterum
729 4120 833 4187 postea
857 4111 895 4167 ab
919 4109 960 4168 eis
982 4109 1020 4167 ad
1043 4128 1117 4186 quos
1139 4109 1255 4168 codices
1278 4109 1464 4187 Saluagnlani

316 4203 384 4250 sunt
400 4191 554 4252 referendi·
592 4191 668 4268 Ego,
684 4193 733 4269 qui
754 4201 868 4268 praeter
882 4190 907 4250 C
921 4190 985 4249 Ask
1005 4200 1035 4250 et
1056 4191 1252 4266 Saluagniana
1272 4209 1368 4250 nouos
1389 4193 1464 4250 duos

281 4343 282 4348 1
316 4273 370 4332 PG
385 4275 508 4344 excussi,
522 4273 651 4350 intelligo
666 4284 780 4350 praeter
793 4291 893 4332 uersus
911 4273 1033 4332 ficticios
1052 4290 1086 4332 ac
1108 4273 1229 4331 nomina
1243 4290 1318 4347 quae
1339 4273 1381 4332 eis
1395 4275 1464 4332 sub-

315 4365 470 4414 nectuntur
485 4372 631 4431 perpauca
645 4355 682 4413 ad
696 4371 752 4413 nos
766 4355 806 4414 ita
820 4353 1006 4413 descendisse
1020 4363 1051 4413 ut
1065 4371 1222 4412 commune
1236 4353 1354 4429 aliquod
1369 4372 1463 4430 genus

315 4435 432 4495 dicendi
452 4435 484 4493 in
504 4435 538 4493 iis
559 4435 818 4511 inuestigaremus:
840 4453 936 4511 neque
955 4455 992 4495 ex
1010 4435 1206 4495 locutionibus
1220 4453 1293 4512 quas
1312 4434 1462 4495 Ehualdus

315 4517 464 4593 congessit
485 4527 609 4576 aetatem
630 4518 832 4576 uniuersorum
852 4517 967 4593 colligo.
1010 4515 1130 4576 Habent
1148 4534 1219 4576 sane
1233 4516 1258 4576 C
1273 4526 1301 4575 et
1316 4517 1379 4576 Ask
1393 4535 1461 4576 cum
