<?xml version="1.0" encoding="UTF-8"?>
<!DOCTYPE html PUBLIC "-//W3C//DTD XHTML 1.0 Transitional//EN"
    "http://www.w3.org/TR/xhtml1/DTD/xhtml1-transitional.dtd">
<html xmlns="http://www.w3.org/1999/xhtml" xml:lang="en" lang="en">
 <head>
  <title>
</title>
<meta http-equiv="Content-Type" content="text/html;charset=utf-8" />
  <meta name='ocr-system' content='tesseract 3.04.00' />
  <meta name='ocr-capabilities' content='ocr_page ocr_carea ocr_par ocr_line ocrx_word'/>
</head>
<body>
  <div class='ocr_page' id='page_1' title='image "./povidiinasonisi01elligoog_0020.png"; bbox 0 0 3294 5214; ppageno 0'>
   <div class='ocr_carea' id='block_1_1' title="bbox 650 521 1413 581">
    <p class='ocr_par' dir='ltr' id='par_1_1' title="bbox 650 521 1413 581">
     <span class='ocr_line' id='line_1_1' title="bbox 650 521 1413 581; baseline -0.001 -2"><span class='ocrx_word' id='word_1_1' title='bbox 650 521 899 581; x_wconf 86' lang='lat' dir='ltr'><strong>PRAEFATIO.</strong></span> <span class='ocrx_word' id='word_1_2' title='bbox 1311 537 1348 580; x_wconf 86' lang='lat' dir='ltr'><strong>xv</strong></span> <span class='ocrx_word' id='word_1_3' title='bbox 1408 567 1413 578; x_wconf 94' lang='lat'><strong>.</strong></span> 
     </span>
    </p>
   </div>
   <div class='ocr_carea' id='block_1_2' title="bbox 144 677 1349 4224">
    <p class='ocr_par' dir='ltr' id='par_1_2' title="bbox 144 677 1348 2053">
     <span class='ocr_line' id='line_1_2' title="bbox 194 677 1347 758; baseline -0.001 -19"><span class='ocrx_word' id='word_1_4' title='bbox 194 683 289 758; x_wconf 88' lang='lat' dir='ltr'><strong>ipsum</strong></span> <span class='ocrx_word' id='word_1_5' title='bbox 310 697 417 756; x_wconf 91' lang='lat' dir='ltr'><strong>poema</strong></span> <span class='ocrx_word' id='word_1_6' title='bbox 438 679 503 755; x_wconf 91' lang='lat' dir='ltr'><strong>plus</strong></span> <span class='ocrx_word' id='word_1_7' title='bbox 524 677 613 737; x_wconf 92' lang='lat' dir='ltr'><strong>semel</strong></span> <span class='ocrx_word' id='word_1_8' title='bbox 632 678 796 754; x_wconf 88' lang='lat' dir='ltr'><strong>legentibus</strong></span> <span class='ocrx_word' id='word_1_9' title='bbox 816 678 1035 737; x_wconf 90' lang='lat' dir='ltr'><strong>commendauit</strong></span> <span class='ocrx_word' id='word_1_10' title='bbox 1055 679 1115 737; x_wconf 88' lang='lat' dir='ltr'><strong>siue</strong></span> <span class='ocrx_word' id='word_1_11' title='bbox 1137 679 1176 738; x_wconf 93' lang='lat' dir='ltr'><strong>ob</strong></span> <span class='ocrx_word' id='word_1_12' title='bbox 1196 678 1347 755; x_wconf 83' lang='lat' dir='ltr'>ingenium</span> 
     </span>
     <span class='ocr_line' id='line_1_3' title="bbox 194 772 1347 852; baseline -0.001 -19"><span class='ocrx_word' id='word_1_13' title='bbox 194 791 254 852; x_wconf 92' lang='lat' dir='ltr'><strong>quo</strong></span> <span class='ocrx_word' id='word_1_14' title='bbox 268 773 453 850; x_wconf 83' lang='lat' dir='ltr'><strong>proteruntur</strong></span> <span class='ocrx_word' id='word_1_15' title='bbox 463 773 638 850; x_wconf 84' lang='lat' dir='ltr'><strong>aenigmata,</strong></span> <span class='ocrx_word' id='word_1_16' title='bbox 650 773 712 832; x_wconf 89' lang='lat' dir='ltr'><strong>siue</strong></span> <span class='ocrx_word' id='word_1_17' title='bbox 726 773 808 850; x_wconf 92' lang='lat' dir='ltr'><strong>quod</strong></span> <span class='ocrx_word' id='word_1_18' title='bbox 822 772 997 832; x_wconf 84' lang='lat' dir='ltr'>obscuritate</span> <span class='ocrx_word' id='word_1_19' title='bbox 1012 791 1064 831; x_wconf 91' lang='lat' dir='ltr'><strong>sua</strong></span> <span class='ocrx_word' id='word_1_20' title='bbox 1075 773 1158 849; x_wconf 90' lang='lat' dir='ltr'><strong>quasi</strong></span> <span class='ocrx_word' id='word_1_21' title='bbox 1172 772 1347 849; x_wconf 82' lang='lat' dir='ltr'><strong>palaestram</strong></span> 
     </span>
     <span class='ocr_line' id='line_1_4' title="bbox 195 864 1343 944; baseline -0.002 -18"><span class='ocrx_word' id='word_1_22' title='bbox 195 867 342 944; x_wconf 90' lang='lat' dir='ltr'><strong>quandam</strong></span> <span class='ocrx_word' id='word_1_23' title='bbox 357 866 585 942; x_wconf 70' lang='lat' dir='ltr'><strong>interpretationi</strong></span> <span class='ocrx_word' id='word_1_24' title='bbox 599 865 745 925; x_wconf 83' lang='lat' dir='ltr'><strong>exhibeat.</strong></span> <span class='ocrx_word' id='word_1_25' title='bbox 781 864 920 925; x_wconf 88' lang='lat' dir='ltr'><strong>Lectures</strong></span> <span class='ocrx_word' id='word_1_26' title='bbox 930 883 972 925; x_wconf 94' lang='lat' dir='ltr'><strong>on</strong></span> <span class='ocrx_word' id='word_1_27' title='bbox 985 865 1198 944; x_wconf 89' lang='lat' dir='ltr'><strong>Ethnography</strong></span> <span class='ocrx_word' id='word_1_28' title='bbox 1209 865 1236 925; x_wconf 92' lang='lat' dir='ltr'><strong>ii.</strong></span> <span class='ocrx_word' id='word_1_29' title='bbox 1248 884 1277 942; x_wconf 93' lang='lat' dir='ltr'><strong>p.</strong></span> <span class='ocrx_word' id='word_1_30' title='bbox 1288 879 1343 942; x_wconf 80' lang='lat'><strong>271</strong></span> 
     </span>
     <span class='ocr_line' id='line_1_5' title="bbox 195 958 1346 1032; baseline 0.002 -14"><span class='ocrx_word' id='word_1_31' title='bbox 195 961 227 1018; x_wconf 86' lang='lat' dir='ltr'><strong>‘I</strong></span> <span class='ocrx_word' id='word_1_32' title='bbox 241 960 314 1019; x_wconf 90' lang='lat' dir='ltr'><strong>have</strong></span> <span class='ocrx_word' id='word_1_33' title='bbox 335 960 404 1020; x_wconf 90' lang='lat' dir='ltr'><strong>here</strong></span> <span class='ocrx_word' id='word_1_34' title='bbox 425 959 595 1019; x_wconf 88' lang='lat' dir='ltr'><strong>mentioned</strong></span> <span class='ocrx_word' id='word_1_35' title='bbox 615 958 664 1018; x_wconf 91' lang='lat' dir='ltr'><strong>the</strong></span> <span class='ocrx_word' id='word_1_36' title='bbox 684 958 754 1031; x_wconf 83' lang='lat' dir='ltr'><strong>Ibis,</strong></span> <span class='ocrx_word' id='word_1_37' title='bbox 770 978 811 1019; x_wconf 91' lang='lat' dir='ltr'><strong>on</strong></span> <span class='ocrx_word' id='word_1_38' title='bbox 832 968 959 1020; x_wconf 83' lang='lat' dir='ltr'><strong>account</strong></span> <span class='ocrx_word' id='word_1_39' title='bbox 979 959 1014 1018; x_wconf 83' lang='lat' dir='ltr'><strong>ol</strong></span> <span class='ocrx_word' id='word_1_40' title='bbox 1033 959 1089 1019; x_wconf 88' lang='lat' dir='ltr'><strong>this</strong></span> <span class='ocrx_word' id='word_1_41' title='bbox 1110 959 1258 1020; x_wconf 83' lang='lat' dir='ltr'><strong>historical</strong></span> <span class='ocrx_word' id='word_1_42' title='bbox 1278 960 1346 1032; x_wconf 87' lang='lat' dir='ltr'><strong>fact,</strong></span> 
     </span>
     <span class='ocr_line' id='line_1_6' title="bbox 144 1053 1347 1132; baseline 0 -18"><span class='ocrx_word' id='word_1_43' title='bbox 144 1054 147 1058; x_wconf 77' lang='grc'><em>’</em></span> <span class='ocrx_word' id='word_1_44' title='bbox 194 1054 288 1114; x_wconf 87' lang='lat' dir='ltr'><strong>which</strong></span> <span class='ocrx_word' id='word_1_45' title='bbox 309 1055 333 1114; x_wconf 82' lang='lat' dir='ltr'><strong>Is</strong></span> <span class='ocrx_word' id='word_1_46' title='bbox 354 1064 407 1113; x_wconf 92' lang='lat' dir='ltr'><strong>not</strong></span> <span class='ocrx_word' id='word_1_47' title='bbox 429 1053 479 1113; x_wconf 89' lang='lat' dir='ltr'><strong>the</strong></span> <span class='ocrx_word' id='word_1_48' title='bbox 500 1053 569 1132; x_wconf 85' lang='lat' dir='ltr'><strong>only</strong></span> <span class='ocrx_word' id='word_1_49' title='bbox 590 1071 649 1114; x_wconf 89' lang='lat' dir='ltr'><strong>one</strong></span> <span class='ocrx_word' id='word_1_50' title='bbox 672 1053 702 1112; x_wconf 92' lang='lat' dir='ltr'><strong>in</strong></span> <span class='ocrx_word' id='word_1_51' title='bbox 726 1054 789 1112; x_wconf 91' lang='lat' dir='ltr'><strong>that</strong></span> <span class='ocrx_word' id='word_1_52' title='bbox 810 1071 907 1130; x_wconf 90' lang='lat' dir='ltr'><strong>poem.</strong></span> <span class='ocrx_word' id='word_1_53' title='bbox 949 1053 1176 1113; x_wconf 90' lang='lat' dir='ltr'><strong>Irecommend</strong></span> <span class='ocrx_word' id='word_1_54' title='bbox 1200 1054 1236 1113; x_wconf 91' lang='lat' dir='ltr'><strong>its</strong></span> <span class='ocrx_word' id='word_1_55' title='bbox 1261 1055 1347 1130; x_wconf 90' lang='lat' dir='ltr'><strong>study</strong></span> 
     </span>
     <span class='ocr_line' id='line_1_7' title="bbox 194 1146 1347 1226; baseline -0.002 -18"><span class='ocrx_word' id='word_1_56' title='bbox 194 1158 225 1208; x_wconf 92' lang='lat' dir='ltr'><strong>to</strong></span> <span class='ocrx_word' id='word_1_57' title='bbox 250 1167 308 1225; x_wconf 91' lang='lat' dir='ltr'><strong>any</strong></span> <span class='ocrx_word' id='word_1_58' title='bbox 331 1147 446 1207; x_wconf 89' lang='lat' dir='ltr'><strong>scholar</strong></span> <span class='ocrx_word' id='word_1_59' title='bbox 469 1147 537 1208; x_wconf 87' lang='lat' dir='ltr'><strong>who</strong></span> <span class='ocrx_word' id='word_1_60' title='bbox 560 1147 665 1208; x_wconf 84' lang='lat' dir='ltr'><strong>wishes</strong></span> <span class='ocrx_word' id='word_1_61' title='bbox 690 1157 722 1207; x_wconf 91' lang='lat' dir='ltr'><strong>to</strong></span> <span class='ocrx_word' id='word_1_62' title='bbox 746 1147 888 1207; x_wconf 90' lang='lat' dir='ltr'><strong>ascertain</strong></span> <span class='ocrx_word' id='word_1_63' title='bbox 910 1146 1038 1206; x_wconf 87' lang='lat' dir='ltr'><strong>whether</strong></span> <span class='ocrx_word' id='word_1_64' title='bbox 1060 1147 1098 1207; x_wconf 92' lang='lat' dir='ltr'><strong>he</strong></span> <span class='ocrx_word' id='word_1_65' title='bbox 1122 1148 1147 1206; x_wconf 92' lang='lat' dir='ltr'><strong>is</strong></span> <span class='ocrx_word' id='word_1_66' title='bbox 1171 1147 1347 1226; x_wconf 89' lang='lat' dir='ltr'><strong>thoroughly</strong></span> 
     </span>
     <span class='ocr_line' id='line_1_8' title="bbox 194 1240 1348 1319; baseline -0.001 -17"><span class='ocrx_word' id='word_1_67' title='bbox 194 1251 368 1302; x_wconf 91' lang='lat' dir='ltr'><strong>conversant</strong></span> <span class='ocrx_word' id='word_1_68' title='bbox 382 1242 449 1302; x_wconf 92' lang='lat' dir='ltr'><strong>with</strong></span> <span class='ocrx_word' id='word_1_69' title='bbox 465 1240 588 1317; x_wconf 91' lang='lat' dir='ltr'><strong>poetical</strong></span> <span class='ocrx_word' id='word_1_70' title='bbox 606 1241 777 1319; x_wconf 77' lang='lat' dir='ltr'><strong>mythology</strong></span> <span class='ocrx_word' id='word_1_71' title='bbox 792 1241 851 1300; x_wconf 91' lang='lat' dir='ltr'><strong>and</strong></span> <span class='ocrx_word' id='word_1_72' title='bbox 870 1241 988 1301; x_wconf 86' lang='lat' dir='ltr'><strong>ancient</strong></span> <span class='ocrx_word' id='word_1_73' title='bbox 1001 1241 1119 1319; x_wconf 90' lang='lat' dir='ltr'><strong>history.</strong></span> <span class='ocrx_word' id='word_1_74' title='bbox 1162 1241 1229 1302; x_wconf 89' lang='lat' dir='ltr'><strong>One</strong></span> <span class='ocrx_word' id='word_1_75' title='bbox 1247 1241 1282 1300; x_wconf 87' lang='lat' dir='ltr'><strong>of</strong></span> <span class='ocrx_word' id='word_1_76' title='bbox 1298 1242 1348 1301; x_wconf 91' lang='lat' dir='ltr'><strong>the</strong></span> 
     </span>
     <span class='ocr_line' id='line_1_9' title="bbox 194 1335 1348 1418; baseline 0.001 -24"><span class='ocrx_word' id='word_1_77' title='bbox 194 1345 272 1396; x_wconf 91' lang='lat' dir='ltr'><strong>most</strong></span> <span class='ocrx_word' id='word_1_78' title='bbox 287 1335 405 1396; x_wconf 89' lang='lat' dir='ltr'><strong>difficult</strong></span> <span class='ocrx_word' id='word_1_79' title='bbox 419 1335 568 1418; x_wconf 85' lang='lat' dir='ltr'><strong>problems¹</strong></span> <span class='ocrx_word' id='word_1_80' title='bbox 586 1335 696 1394; x_wconf 90' lang='lat' dir='ltr'><strong>initis</strong></span> <span class='ocrx_word' id='word_1_81' title='bbox 715 1345 746 1395; x_wconf 93' lang='lat' dir='ltr'><strong>to</strong></span> <span class='ocrx_word' id='word_1_82' title='bbox 766 1335 884 1411; x_wconf 84' lang='lat' dir='ltr'><strong>explain</strong></span> <span class='ocrx_word' id='word_1_83' title='bbox 903 1335 953 1394; x_wconf 89' lang='lat' dir='ltr'><strong>the</strong></span> <span class='ocrx_word' id='word_1_84' title='bbox 971 1335 1128 1409; x_wconf 86' lang='lat' dir='ltr'><strong>allusions;</strong></span> <span class='ocrx_word' id='word_1_85' title='bbox 1157 1335 1237 1395; x_wconf 90' lang='lat' dir='ltr'><strong>there</strong></span> <span class='ocrx_word' id='word_1_86' title='bbox 1250 1336 1275 1394; x_wconf 90' lang='lat' dir='ltr'><strong>is</strong></span> <span class='ocrx_word' id='word_1_87' title='bbox 1295 1346 1348 1395; x_wconf 93' lang='lat' dir='ltr'><strong>not</strong></span> 
     </span>
     <span class='ocr_line' id='line_1_10' title="bbox 194 1428 1347 1508; baseline 0.001 -20"><span class='ocrx_word' id='word_1_88' title='bbox 194 1429 283 1490; x_wconf 89' lang='lat' dir='ltr'><strong>much</strong></span> <span class='ocrx_word' id='word_1_89' title='bbox 305 1440 407 1508; x_wconf 92' lang='lat' dir='ltr'><strong>poetry</strong></span> <span class='ocrx_word' id='word_1_90' title='bbox 428 1429 459 1488; x_wconf 93' lang='lat' dir='ltr'><strong>in</strong></span> <span class='ocrx_word' id='word_1_91' title='bbox 482 1430 513 1502; x_wconf 90' lang='lat' dir='ltr'><strong>it,</strong></span> <span class='ocrx_word' id='word_1_92' title='bbox 535 1430 586 1489; x_wconf 91' lang='lat' dir='ltr'><strong>but</strong></span> <span class='ocrx_word' id='word_1_93' title='bbox 607 1447 625 1488; x_wconf 87' lang='lat' dir='ltr'><strong>a</strong></span> <span class='ocrx_word' id='word_1_94' title='bbox 646 1438 729 1506; x_wconf 89' lang='lat' dir='ltr'><strong>great</strong></span> <span class='ocrx_word' id='word_1_95' title='bbox 749 1429 815 1488; x_wconf 91' lang='lat' dir='ltr'><strong>deal</strong></span> <span class='ocrx_word' id='word_1_96' title='bbox 836 1429 871 1488; x_wconf 86' lang='lat' dir='ltr'><strong>ol</strong></span> <span class='ocrx_word' id='word_1_97' title='bbox 888 1428 953 1488; x_wconf 73' lang='lat' dir='ltr'><strong>wit!</strong></span> <span class='ocrx_word' id='word_1_98' title='bbox 995 1429 1135 1489; x_wconf 88' lang='lat' dir='ltr'><strong>Lectures</strong></span> <span class='ocrx_word' id='word_1_99' title='bbox 1157 1447 1198 1489; x_wconf 92' lang='lat' dir='ltr'><strong>on</strong></span> <span class='ocrx_word' id='word_1_100' title='bbox 1220 1428 1347 1490; x_wconf 84' lang='lat' dir='ltr'><strong>Ancieut</strong></span> 
     </span>
     <span class='ocr_line' id='line_1_11' title="bbox 194 1521 1347 1600; baseline 0.002 -18"><span class='ocrx_word' id='word_1_101' title='bbox 194 1523 316 1600; x_wconf 91' lang='lat' dir='ltr'><strong>History</strong></span> <span class='ocrx_word' id='word_1_102' title='bbox 331 1524 368 1583; x_wconf 91' lang='lat' dir='ltr'><strong>iii.</strong></span> <span class='ocrx_word' id='word_1_103' title='bbox 383 1542 412 1600; x_wconf 94' lang='lat' dir='ltr'><strong>p.</strong></span> <span class='ocrx_word' id='word_1_104' title='bbox 424 1542 480 1599; x_wconf 83' lang='lat'><strong>31¹</strong></span> <span class='ocrx_word' id='word_1_105' title='bbox 498 1524 565 1583; x_wconf 91' lang='lat' dir='ltr'><strong>‘To</strong></span> <span class='ocrx_word' id='word_1_106' title='bbox 580 1523 636 1582; x_wconf 93' lang='lat' dir='ltr'><strong>this</strong></span> <span class='ocrx_word' id='word_1_107' title='bbox 650 1523 719 1583; x_wconf 91' lang='lat' dir='ltr'><strong>time</strong></span> <span class='ocrx_word' id='word_1_108' title='bbox 734 1541 778 1583; x_wconf 90' lang='lat' dir='ltr'><strong>we</strong></span> <span class='ocrx_word' id='word_1_109' title='bbox 792 1533 872 1582; x_wconf 90' lang='lat' dir='ltr'><strong>must</strong></span> <span class='ocrx_word' id='word_1_110' title='bbox 885 1523 984 1600; x_wconf 86' lang='lat' dir='ltr'><strong>assign</strong></span> <span class='ocrx_word' id='word_1_111' title='bbox 999 1522 1047 1582; x_wconf 91' lang='lat' dir='ltr'><strong>the</strong></span> <span class='ocrx_word' id='word_1_112' title='bbox 1062 1521 1238 1582; x_wconf 89' lang='lat' dir='ltr'><strong>destruction</strong></span> <span class='ocrx_word' id='word_1_113' title='bbox 1253 1524 1289 1583; x_wconf 86' lang='lat' dir='ltr'><strong>of</strong></span> <span class='ocrx_word' id='word_1_114' title='bbox 1297 1523 1347 1584; x_wconf 89' lang='lat' dir='ltr'><strong>the</strong></span> 
     </span>
     <span class='ocr_line' id='line_1_12' title="bbox 195 1615 1347 1694; baseline 0.001 -18"><span class='ocrx_word' id='word_1_115' title='bbox 195 1616 357 1694; x_wconf 86' lang='lat' dir='ltr'><strong>sepulchral</strong></span> <span class='ocrx_word' id='word_1_116' title='bbox 371 1627 545 1677; x_wconf 90' lang='lat' dir='ltr'><strong>monument</strong></span> <span class='ocrx_word' id='word_1_117' title='bbox 562 1617 598 1677; x_wconf 88' lang='lat' dir='ltr'><strong>of</strong></span> <span class='ocrx_word' id='word_1_118' title='bbox 614 1617 663 1677; x_wconf 89' lang='lat' dir='ltr'><strong>the</strong></span> <span class='ocrx_word' id='word_1_119' title='bbox 681 1627 763 1694; x_wconf 87' lang='lat' dir='ltr'><strong>great</strong></span> <span class='ocrx_word' id='word_1_120' title='bbox 778 1616 911 1694; x_wconf 88' lang='lat' dir='ltr'><strong>Pyrrhus,</strong></span> <span class='ocrx_word' id='word_1_121' title='bbox 927 1627 958 1675; x_wconf 95' lang='lat' dir='ltr'><strong>to</strong></span> <span class='ocrx_word' id='word_1_122' title='bbox 973 1616 1066 1676; x_wconf 92' lang='lat' dir='ltr'><strong>which</strong></span> <span class='ocrx_word' id='word_1_123' title='bbox 1085 1615 1208 1676; x_wconf 91' lang='lat' dir='ltr'><strong>allusion</strong></span> <span class='ocrx_word' id='word_1_124' title='bbox 1223 1617 1246 1676; x_wconf 91' lang='lat' dir='ltr'><strong>is</strong></span> <span class='ocrx_word' id='word_1_125' title='bbox 1260 1618 1347 1677; x_wconf 89' lang='lat' dir='ltr'><strong>made</strong></span> 
     </span>
     <span class='ocr_line' id='line_1_13' title="bbox 194 1709 1347 1788; baseline 0.001 -19"><span class='ocrx_word' id='word_1_126' title='bbox 194 1711 224 1769; x_wconf 85' lang='lat' dir='ltr'><strong>ln</strong></span> <span class='ocrx_word' id='word_1_127' title='bbox 238 1730 256 1769; x_wconf 89' lang='lat' dir='ltr'><strong>a</strong></span> <span class='ocrx_word' id='word_1_128' title='bbox 270 1710 373 1770; x_wconf 90' lang='lat' dir='ltr'><strong>distich</strong></span> <span class='ocrx_word' id='word_1_129' title='bbox 387 1710 423 1769; x_wconf 86' lang='lat' dir='ltr'><strong>of</strong></span> <span class='ocrx_word' id='word_1_130' title='bbox 432 1711 481 1770; x_wconf 91' lang='lat' dir='ltr'><strong>the</strong></span> <span class='ocrx_word' id='word_1_131' title='bbox 496 1711 563 1783; x_wconf 91' lang='lat' dir='ltr'><strong>Ibis,</strong></span> <span class='ocrx_word' id='word_1_132' title='bbox 577 1710 634 1771; x_wconf 91' lang='lat' dir='ltr'><strong>this</strong></span> <span class='ocrx_word' id='word_1_133' title='bbox 648 1712 771 1771; x_wconf 90' lang='lat' dir='ltr'><strong>obscure</strong></span> <span class='ocrx_word' id='word_1_134' title='bbox 785 1710 1004 1771; x_wconf 88' lang='lat' dir='ltr'><strong>Callimachean</strong></span> <span class='ocrx_word' id='word_1_135' title='bbox 1019 1728 1108 1788; x_wconf 90' lang='lat' dir='ltr'><strong>poem</strong></span> <span class='ocrx_word' id='word_1_136' title='bbox 1122 1709 1157 1768; x_wconf 87' lang='lat' dir='ltr'><strong>of</strong></span> <span class='ocrx_word' id='word_1_137' title='bbox 1168 1709 1256 1771; x_wconf 93' lang='lat' dir='ltr'><strong>Ouid.</strong></span> <span class='ocrx_word' id='word_1_138' title='bbox 1291 1711 1347 1770; x_wconf 91' lang='lat' dir='ltr'><strong>Let</strong></span> 
     </span>
     <span class='ocr_line' id='line_1_14' title="bbox 194 1804 1346 1884; baseline 0.001 -20"><span class='ocrx_word' id='word_1_139' title='bbox 194 1823 310 1882; x_wconf 89' lang='lat' dir='ltr'><strong>anyone</strong></span> <span class='ocrx_word' id='word_1_140' title='bbox 324 1805 486 1882; x_wconf 86' lang='lat' dir='ltr'><strong>imagining</strong></span> <span class='ocrx_word' id='word_1_141' title='bbox 500 1806 561 1865; x_wconf 90' lang='lat' dir='ltr'><strong>that</strong></span> <span class='ocrx_word' id='word_1_142' title='bbox 580 1805 617 1864; x_wconf 93' lang='lat' dir='ltr'><strong>he</strong></span> <span class='ocrx_word' id='word_1_143' title='bbox 637 1806 831 1866; x_wconf 91' lang='lat' dir='ltr'><strong>understands</strong></span> <span class='ocrx_word' id='word_1_144' title='bbox 850 1805 1021 1883; x_wconf 84' lang='lat' dir='ltr'><strong>mythology</strong></span> <span class='ocrx_word' id='word_1_145' title='bbox 1035 1816 1079 1884; x_wconf 93' lang='lat' dir='ltr'><strong>try</strong></span> <span class='ocrx_word' id='word_1_146' title='bbox 1093 1805 1138 1864; x_wconf 89' lang='lat' dir='ltr'><strong>his</strong></span> <span class='ocrx_word' id='word_1_147' title='bbox 1152 1804 1232 1865; x_wconf 91' lang='lat' dir='ltr'><strong>hand</strong></span> <span class='ocrx_word' id='word_1_148' title='bbox 1246 1815 1276 1864; x_wconf 91' lang='lat' dir='ltr'><strong>at</strong></span> <span class='ocrx_word' id='word_1_149' title='bbox 1290 1804 1346 1865; x_wconf 90' lang='lat' dir='ltr'><strong>this</strong></span> 
     </span>
     <span class='ocr_line' id='line_1_15' title="bbox 194 1898 1346 1977; baseline -0.001 -19"><span class='ocrx_word' id='word_1_150' title='bbox 194 1917 302 1976; x_wconf 88' lang='lat' dir='ltr'><strong>poem;</strong></span> <span class='ocrx_word' id='word_1_151' title='bbox 324 1898 339 1956; x_wconf 93' lang='lat'>1</span> <span class='ocrx_word' id='word_1_152' title='bbox 354 1899 393 1958; x_wconf 95' lang='lat' dir='ltr'><strong>do</strong></span> <span class='ocrx_word' id='word_1_153' title='bbox 407 1908 460 1958; x_wconf 92' lang='lat' dir='ltr'><strong>not</strong></span> <span class='ocrx_word' id='word_1_154' title='bbox 473 1899 583 1959; x_wconf 87' lang='lat' dir='ltr'><strong>believe</strong></span> <span class='ocrx_word' id='word_1_155' title='bbox 601 1899 663 1960; x_wconf 88' lang='lat' dir='ltr'><strong>that</strong></span> <span class='ocrx_word' id='word_1_156' title='bbox 683 1901 764 1973; x_wconf 89' lang='lat' dir='ltr'><strong>there</strong></span> <span class='ocrx_word' id='word_1_157' title='bbox 784 1900 808 1958; x_wconf 90' lang='lat' dir='ltr'><strong>is</strong></span> <span class='ocrx_word' id='word_1_158' title='bbox 827 1917 886 1977; x_wconf 88' lang='lat' dir='ltr'><strong>any</strong></span> <span class='ocrx_word' id='word_1_159' title='bbox 900 1917 970 1958; x_wconf 89' lang='lat' dir='ltr'><strong>man</strong></span> <span class='ocrx_word' id='word_1_160' title='bbox 989 1900 1055 1960; x_wconf 93' lang='lat' dir='ltr'><strong>who</strong></span> <span class='ocrx_word' id='word_1_161' title='bbox 1070 1899 1284 1977; x_wconf 89' lang='lat' dir='ltr'><strong>comprehends</strong></span> <span class='ocrx_word' id='word_1_162' title='bbox 1298 1899 1346 1958; x_wconf 89' lang='lat' dir='ltr'><strong>the</strong></span> 
     </span>
     <span class='ocr_line' id='line_1_16' title="bbox 194 1991 384 2053; baseline -0.011 0"><span class='ocrx_word' id='word_1_163' title='bbox 194 1993 287 2053; x_wconf 89' lang='lat' dir='ltr'><strong>whole</strong></span> <span class='ocrx_word' id='word_1_164' title='bbox 302 1993 336 2052; x_wconf 86' lang='lat' dir='ltr'><strong>of</strong></span> <span class='ocrx_word' id='word_1_165' title='bbox 347 1991 384 2053; x_wconf 87' lang='lat' dir='ltr'><strong>it.’</strong></span> 
     </span>
    </p>

    <p class='ocr_par' dir='ltr' id='par_1_3' title="bbox 192 2087 1349 4131">
     <span class='ocr_line' id='line_1_17' title="bbox 235 2087 1346 2166; baseline 0 -20"><span class='ocrx_word' id='word_1_166' title='bbox 235 2087 372 2165; x_wconf 90' lang='lat' dir='ltr'><strong>Superest</strong></span> <span class='ocrx_word' id='word_1_167' title='bbox 386 2096 418 2146; x_wconf 93' lang='lat' dir='ltr'><strong>ut</strong></span> <span class='ocrx_word' id='word_1_168' title='bbox 431 2087 468 2146; x_wconf 93' lang='lat' dir='ltr'><strong>de</strong></span> <span class='ocrx_word' id='word_1_169' title='bbox 483 2106 530 2146; x_wconf 92' lang='lat' dir='ltr'><strong>me</strong></span> <span class='ocrx_word' id='word_1_170' title='bbox 544 2107 640 2165; x_wconf 88' lang='lat' dir='ltr'><strong>pauca</strong></span> <span class='ocrx_word' id='word_1_171' title='bbox 654 2089 759 2162; x_wconf 90' lang='lat' dir='ltr'><strong>dicam,</strong></span> <span class='ocrx_word' id='word_1_172' title='bbox 774 2107 833 2166; x_wconf 92' lang='lat' dir='ltr'><strong>qua</strong></span> <span class='ocrx_word' id='word_1_173' title='bbox 849 2089 880 2147; x_wconf 92' lang='lat' dir='ltr'><strong>in</strong></span> <span class='ocrx_word' id='word_1_174' title='bbox 897 2104 928 2148; x_wconf 94' lang='lat' dir='ltr'><strong>re</strong></span> <span class='ocrx_word' id='word_1_175' title='bbox 945 2090 968 2148; x_wconf 91' lang='lat' dir='ltr'><strong>si</strong></span> <span class='ocrx_word' id='word_1_176' title='bbox 988 2089 1128 2148; x_wconf 88' lang='lat' dir='ltr'><strong>molestus</strong></span> <span class='ocrx_word' id='word_1_177' title='bbox 1141 2088 1232 2161; x_wconf 88' lang='lat' dir='ltr'><strong>fuer0,</strong></span> <span class='ocrx_word' id='word_1_178' title='bbox 1247 2088 1346 2165; x_wconf 85' lang='lat' dir='ltr'><strong>ignos-</strong></span> 
     </span>
     <span class='ocr_line' id='line_1_18' title="bbox 194 2179 1346 2259; baseline -0.002 -17"><span class='ocrx_word' id='word_1_179' title='bbox 194 2191 261 2242; x_wconf 88' lang='lat' dir='ltr'><strong>cent</strong></span> <span class='ocrx_word' id='word_1_180' title='bbox 280 2181 330 2258; x_wconf 92' lang='lat' dir='ltr'><strong>qui</strong></span> <span class='ocrx_word' id='word_1_181' title='bbox 350 2179 513 2258; x_wconf 91' lang='lat' dir='ltr'><strong>philologis,</strong></span> <span class='ocrx_word' id='word_1_182' title='bbox 529 2192 562 2241; x_wconf 92' lang='lat' dir='ltr'><strong>ut</strong></span> <span class='ocrx_word' id='word_1_183' title='bbox 581 2183 683 2259; x_wconf 78' lang='lat' dir='ltr'><strong>poetic,</strong></span> <span class='ocrx_word' id='word_1_184' title='bbox 699 2185 907 2242; x_wconf 85' lang='lat' dir='ltr'><strong>obtrectatores</strong></span> <span class='ocrx_word' id='word_1_185' title='bbox 925 2199 994 2243; x_wconf 89' lang='lat' dir='ltr'><strong>suos</strong></span> <span class='ocrx_word' id='word_1_186' title='bbox 1013 2200 1075 2241; x_wconf 92' lang='lat' dir='ltr'><strong>non</strong></span> <span class='ocrx_word' id='word_1_187' title='bbox 1095 2180 1196 2243; x_wconf 91' lang='lat' dir='ltr'><strong>deesse</strong></span> <span class='ocrx_word' id='word_1_188' title='bbox 1215 2182 1346 2241; x_wconf 91' lang='lat' dir='ltr'><strong>animum</strong></span> 
     </span>
     <span class='ocr_line' id='line_1_19' title="bbox 194 2274 1345 2353; baseline 0.001 -21"><span class='ocrx_word' id='word_1_189' title='bbox 194 2274 388 2334; x_wconf 88' lang='lat' dir='ltr'><strong>aduerterunt.</strong></span> <span class='ocrx_word' id='word_1_190' title='bbox 430 2274 555 2335; x_wconf 90' lang='lat' dir='ltr'><strong>Possum</strong></span> <span class='ocrx_word' id='word_1_191' title='bbox 576 2276 663 2352; x_wconf 88' lang='lat' dir='ltr'><strong>igitur</strong></span> <span class='ocrx_word' id='word_1_192' title='bbox 680 2276 716 2336; x_wconf 93' lang='lat' dir='ltr'><strong>de</strong></span> <span class='ocrx_word' id='word_1_193' title='bbox 733 2295 781 2335; x_wconf 90' lang='lat' dir='ltr'><strong>me</strong></span> <span class='ocrx_word' id='word_1_194' title='bbox 798 2294 866 2336; x_wconf 89' lang='lat' dir='ltr'><strong>uere</strong></span> <span class='ocrx_word' id='word_1_195' title='bbox 882 2277 1018 2353; x_wconf 88' lang='lat' dir='ltr'><strong>profiteri,</strong></span> <span class='ocrx_word' id='word_1_196' title='bbox 1037 2277 1067 2334; x_wconf 91' lang='lat' dir='ltr'><strong>in</strong></span> <span class='ocrx_word' id='word_1_197' title='bbox 1086 2275 1165 2335; x_wconf 89' lang='lat' dir='ltr'><strong>nulla</strong></span> <span class='ocrx_word' id='word_1_198' title='bbox 1183 2285 1265 2353; x_wconf 89' lang='lat' dir='ltr'><strong>parte</strong></span> <span class='ocrx_word' id='word_1_199' title='bbox 1282 2293 1345 2334; x_wconf 87' lang='lat' dir='ltr'><strong>sus-</strong></span> 
     </span>
     <span class='ocr_line' id='line_1_20' title="bbox 194 2368 1345 2444; baseline 0.001 -18"><span class='ocrx_word' id='word_1_200' title='bbox 194 2369 271 2444; x_wconf 93' lang='lat' dir='ltr'><strong>cepti</strong></span> <span class='ocrx_word' id='word_1_201' title='bbox 289 2368 386 2444; x_wconf 90' lang='lat' dir='ltr'><strong>operis</strong></span> <span class='ocrx_word' id='word_1_202' title='bbox 405 2385 484 2426; x_wconf 91' lang='lat' dir='ltr'><strong>noua</strong></span> <span class='ocrx_word' id='word_1_203' title='bbox 505 2386 567 2427; x_wconf 93' lang='lat' dir='ltr'><strong>non</strong></span> <span class='ocrx_word' id='word_1_204' title='bbox 585 2368 733 2429; x_wconf 91' lang='lat' dir='ltr'><strong>adtulisse.</strong></span> <span class='ocrx_word' id='word_1_205' title='bbox 775 2369 855 2428; x_wconf 90' lang='lat' dir='ltr'><strong>Nam</strong></span> <span class='ocrx_word' id='word_1_206' title='bbox 873 2379 903 2428; x_wconf 91' lang='lat' dir='ltr'><strong>et</strong></span> <span class='ocrx_word' id='word_1_207' title='bbox 922 2370 1073 2432; x_wconf 90' lang='lat' dir='ltr'><strong>codicibus</strong></span> <span class='ocrx_word' id='word_1_208' title='bbox 1093 2388 1158 2430; x_wconf 92' lang='lat' dir='ltr'><strong>sum</strong></span> <span class='ocrx_word' id='word_1_209' title='bbox 1179 2368 1345 2428; x_wconf 90' lang='lat' dir='ltr'><strong>melioribus</strong></span> 
     </span>
     <span class='ocr_line' id='line_1_21' title="bbox 193 2462 1346 2540; baseline 0 -20"><span class='ocrx_word' id='word_1_210' title='bbox 193 2480 282 2538; x_wconf 92' lang='lat' dir='ltr'><strong>quam</strong></span> <span class='ocrx_word' id='word_1_211' title='bbox 306 2472 374 2522; x_wconf 92' lang='lat' dir='ltr'><strong>ante</strong></span> <span class='ocrx_word' id='word_1_212' title='bbox 399 2480 447 2521; x_wconf 89' lang='lat' dir='ltr'><strong>me</strong></span> <span class='ocrx_word' id='word_1_213' title='bbox 470 2480 540 2522; x_wconf 91' lang='lat' dir='ltr'><strong>usus</strong></span> <span class='ocrx_word' id='word_1_214' title='bbox 564 2464 720 2540; x_wconf 91' lang='lat' dir='ltr'><strong>quisquam</strong></span> <span class='ocrx_word' id='word_1_215' title='bbox 743 2475 794 2536; x_wconf 91' lang='lat' dir='ltr'><strong>est,</strong></span> <span class='ocrx_word' id='word_1_216' title='bbox 818 2473 847 2523; x_wconf 90' lang='lat' dir='ltr'><strong>et</strong></span> <span class='ocrx_word' id='word_1_217' title='bbox 870 2463 987 2523; x_wconf 84' lang='lat' dir='ltr'><strong>Scholia</strong></span> <span class='ocrx_word' id='word_1_218' title='bbox 1010 2463 1081 2522; x_wconf 92' lang='lat' dir='ltr'><strong>nulli</strong></span> <span class='ocrx_word' id='word_1_219' title='bbox 1105 2464 1184 2540; x_wconf 90' lang='lat' dir='ltr'><strong>prius</strong></span> <span class='ocrx_word' id='word_1_220' title='bbox 1208 2472 1258 2522; x_wconf 90' lang='lat' dir='ltr'><strong>aut</strong></span> <span class='ocrx_word' id='word_1_221' title='bbox 1282 2462 1346 2521; x_wconf 92' lang='lat' dir='ltr'><strong>uisa</strong></span> 
     </span>
     <span class='ocr_line' id='line_1_22' title="bbox 194 2556 1346 2632; baseline 0 -18"><span class='ocrx_word' id='word_1_222' title='bbox 194 2565 244 2614; x_wconf 89' lang='lat' dir='ltr'><strong>aut</strong></span> <span class='ocrx_word' id='word_1_223' title='bbox 264 2557 367 2616; x_wconf 90' lang='lat' dir='ltr'><strong>saltem</strong></span> <span class='ocrx_word' id='word_1_224' title='bbox 389 2556 516 2632; x_wconf 90' lang='lat' dir='ltr'><strong>perlecta</strong></span> <span class='ocrx_word' id='word_1_225' title='bbox 536 2556 664 2629; x_wconf 89' lang='lat' dir='ltr'><strong>adhibui,</strong></span> <span class='ocrx_word' id='word_1_226' title='bbox 686 2557 774 2616; x_wconf 91' lang='lat' dir='ltr'><strong>etad</strong></span> <span class='ocrx_word' id='word_1_227' title='bbox 796 2557 1063 2632; x_wconf 88' lang='lat' dir='ltr'><strong>interpretationem</strong></span> <span class='ocrx_word' id='word_1_228' title='bbox 1085 2557 1146 2615; x_wconf 90' lang='lat' dir='ltr'><strong>siue</strong></span> <span class='ocrx_word' id='word_1_229' title='bbox 1166 2573 1263 2615; x_wconf 91' lang='lat' dir='ltr'><strong>rerum</strong></span> <span class='ocrx_word' id='word_1_230' title='bbox 1284 2556 1346 2614; x_wconf 91' lang='lat' dir='ltr'><strong>siue</strong></span> 
     </span>
     <span class='ocr_line' id='line_1_23' title="bbox 193 2647 1346 2727; baseline 0 -20"><span class='ocrx_word' id='word_1_231' title='bbox 193 2651 350 2708; x_wconf 89' lang='lat' dir='ltr'><strong>uerborum</strong></span> <span class='ocrx_word' id='word_1_232' title='bbox 371 2668 433 2709; x_wconf 90' lang='lat' dir='ltr'><strong>non</strong></span> <span class='ocrx_word' id='word_1_233' title='bbox 454 2668 549 2725; x_wconf 90' lang='lat' dir='ltr'><strong>pauca</strong></span> <span class='ocrx_word' id='word_1_234' title='bbox 572 2650 609 2710; x_wconf 92' lang='lat' dir='ltr'><strong>de</strong></span> <span class='ocrx_word' id='word_1_235' title='bbox 634 2667 703 2709; x_wconf 92' lang='lat' dir='ltr'><strong>meo</strong></span> <span class='ocrx_word' id='word_1_236' title='bbox 724 2650 842 2721; x_wconf 92' lang='lat' dir='ltr'><strong>contuli,</strong></span> <span class='ocrx_word' id='word_1_237' title='bbox 863 2648 1020 2726; x_wconf 73' lang='lat' dir='ltr'><strong>praecipue</strong></span> <span class='ocrx_word' id='word_1_238' title='bbox 1041 2667 1078 2708; x_wconf 90' lang='lat' dir='ltr'><strong>ex</strong></span> <span class='ocrx_word' id='word_1_239' title='bbox 1100 2647 1296 2727; x_wconf 90' lang='lat' dir='ltr'><strong>Lycophrone</strong></span> <span class='ocrx_word' id='word_1_240' title='bbox 1318 2659 1346 2708; x_wconf 90' lang='lat' dir='ltr'><strong>et</strong></span> 
     </span>
     <span class='ocr_line' id='line_1_24' title="bbox 192 2742 1346 2820; baseline -0.002 -18"><span class='ocrx_word' id='word_1_241' title='bbox 192 2742 319 2803; x_wconf 88' lang='lat' dir='ltr'><strong>Tzetzae</strong></span> <span class='ocrx_word' id='word_1_242' title='bbox 346 2743 377 2801; x_wconf 90' lang='lat' dir='ltr'><strong>in</strong></span> <span class='ocrx_word' id='word_1_243' title='bbox 399 2762 467 2803; x_wconf 90' lang='lat' dir='ltr'><strong>eum</strong></span> <span class='ocrx_word' id='word_1_244' title='bbox 489 2743 619 2815; x_wconf 90' lang='lat' dir='ltr'><strong>Scholiis,</strong></span> <span class='ocrx_word' id='word_1_245' title='bbox 642 2761 702 2820; x_wconf 95' lang='lat' dir='ltr'><strong>quo</strong></span> <span class='ocrx_word' id='word_1_246' title='bbox 731 2744 843 2802; x_wconf 92' lang='lat' dir='ltr'><strong>nullum</strong></span> <span class='ocrx_word' id='word_1_247' title='bbox 871 2743 1044 2820; x_wconf 90' lang='lat' dir='ltr'><strong>locupletius</strong></span> <span class='ocrx_word' id='word_1_248' title='bbox 1069 2743 1159 2802; x_wconf 91' lang='lat' dir='ltr'><strong>credo</strong></span> <span class='ocrx_word' id='word_1_249' title='bbox 1184 2742 1346 2802; x_wconf 90' lang='lat' dir='ltr'><strong>subsidium</strong></span> 
     </span>
     <span class='ocr_line' id='line_1_25' title="bbox 193 2837 1346 2915; baseline -0.001 -19"><span class='ocrx_word' id='word_1_250' title='bbox 193 2848 290 2897; x_wconf 88' lang='lat' dir='ltr'><strong>extare</strong></span> <span class='ocrx_word' id='word_1_251' title='bbox 304 2838 470 2897; x_wconf 90' lang='lat' dir='ltr'><strong>uolentibus</strong></span> <span class='ocrx_word' id='word_1_252' title='bbox 484 2839 652 2897; x_wconf 89' lang='lat' dir='ltr'><strong>obscuriora</strong></span> <span class='ocrx_word' id='word_1_253' title='bbox 666 2839 812 2915; x_wconf 90' lang='lat' dir='ltr'><strong>persequi.</strong></span> <span class='ocrx_word' id='word_1_254' title='bbox 853 2837 899 2896; x_wconf 90' lang='lat' dir='ltr'><strong>Ex</strong></span> <span class='ocrx_word' id='word_1_255' title='bbox 911 2837 1107 2914; x_wconf 90' lang='lat' dir='ltr'><strong>Lycophrone</strong></span> <span class='ocrx_word' id='word_1_256' title='bbox 1121 2838 1208 2914; x_wconf 90' lang='lat' dir='ltr'><strong>igitur</strong></span> <span class='ocrx_word' id='word_1_257' title='bbox 1221 2837 1346 2896; x_wconf 78' lang='lat' dir='ltr'><strong>Phaeno-</strong></span> 
     </span>
     <span class='ocr_line' id='line_1_26' title="bbox 193 2931 1346 3009; baseline 0 -19"><span class='ocrx_word' id='word_1_258' title='bbox 193 2933 348 2990; x_wconf 81' lang='lat' dir='ltr'><strong>damanieor</strong></span> <span class='ocrx_word' id='word_1_259' title='bbox 355 2933 442 2990; x_wconf 87' lang='lat' dir='ltr'><strong>leones</strong></span> <span class='ocrx_word' id='word_1_260' title='bbox 453 2950 480 2990; x_wconf 93' lang='lat' dir='ltr'><strong>u.</strong></span> <span class='ocrx_word' id='word_1_261' title='bbox 489 2934 548 3007; x_wconf 82' lang='lat'><strong>383</strong></span> <span class='ocrx_word' id='word_1_262' title='bbox 560 2934 685 3008; x_wconf 87' lang='lat' dir='ltr'><strong>reposui,</strong></span> <span class='ocrx_word' id='word_1_263' title='bbox 695 2951 731 2991; x_wconf 95' lang='lat' dir='ltr'><strong>ex</strong></span> <span class='ocrx_word' id='word_1_264' title='bbox 741 2931 902 3009; x_wconf 86' lang='lat' dir='ltr'><strong>Apollonio</strong></span> <span class='ocrx_word' id='word_1_265' title='bbox 911 2931 1030 2991; x_wconf 91' lang='lat' dir='ltr'><strong>Rhodio</strong></span> <span class='ocrx_word' id='word_1_266' title='bbox 1038 2931 1233 3007; x_wconf 69' lang='lat' dir='ltr'><strong>Aphidantum</strong></span> <span class='ocrx_word' id='word_1_267' title='bbox 1242 2949 1269 2990; x_wconf 89' lang='lat' dir='ltr'><strong>u.</strong></span> <span class='ocrx_word' id='word_1_268' title='bbox 1279 2943 1346 3008; x_wconf 79' lang='lat'><strong>327,</strong></span> 
     </span>
     <span class='ocr_line' id='line_1_27' title="bbox 194 3024 1347 3103; baseline 0 -19"><span class='ocrx_word' id='word_1_269' title='bbox 194 3044 230 3084; x_wconf 94' lang='lat' dir='ltr'><strong>ex</strong></span> <span class='ocrx_word' id='word_1_270' title='bbox 245 3024 368 3102; x_wconf 87' lang='lat' dir='ltr'><strong>Hygino</strong></span> <span class='ocrx_word' id='word_1_271' title='bbox 382 3034 411 3085; x_wconf 88' lang='lat' dir='ltr'><strong>ct</strong></span> <span class='ocrx_word' id='word_1_272' title='bbox 421 3025 578 3084; x_wconf 90' lang='lat' dir='ltr'><strong>Parthenio</strong></span> <span class='ocrx_word' id='word_1_273' title='bbox 592 3025 715 3101; x_wconf 81' lang='lat' dir='ltr'><strong>Teleique</strong></span> <span class='ocrx_word' id='word_1_274' title='bbox 729 3045 756 3086; x_wconf 92' lang='lat' dir='ltr'><strong>u.</strong></span> <span class='ocrx_word' id='word_1_275' title='bbox 768 3046 836 3103; x_wconf 86' lang='lat'><strong>434,</strong></span> <span class='ocrx_word' id='word_1_276' title='bbox 852 3044 889 3085; x_wconf 91' lang='lat' dir='ltr'><strong>ex</strong></span> <span class='ocrx_word' id='word_1_277' title='bbox 905 3025 1039 3086; x_wconf 92' lang='lat' dir='ltr'><strong>Homero</strong></span> <span class='ocrx_word' id='word_1_278' title='bbox 1050 3026 1223 3084; x_wconf 77' lang='lat' dir='ltr'><strong>Panthoides</strong></span> <span class='ocrx_word' id='word_1_279' title='bbox 1236 3044 1265 3087; x_wconf 90' lang='lat' dir='ltr'><strong>u.</strong></span> <span class='ocrx_word' id='word_1_280' title='bbox 1278 3039 1347 3101; x_wconf 84' lang='lat'><strong>447,</strong></span> 
     </span>
     <span class='ocr_line' id='line_1_28' title="bbox 194 3117 1348 3195; baseline 0.002 -19"><span class='ocrx_word' id='word_1_281' title='bbox 194 3137 231 3176; x_wconf 90' lang='lat' dir='ltr'><strong>ex</strong></span> <span class='ocrx_word' id='word_1_282' title='bbox 255 3117 460 3195; x_wconf 87' lang='lat' dir='ltr'><strong>Etymologico</strong></span> <span class='ocrx_word' id='word_1_283' title='bbox 486 3117 601 3194; x_wconf 88' lang='lat' dir='ltr'><strong>Magno</strong></span> <span class='ocrx_word' id='word_1_284' title='bbox 626 3117 821 3194; x_wconf 83' lang='lat' dir='ltr'><strong>Dexionesque</strong></span> <span class='ocrx_word' id='word_1_285' title='bbox 849 3137 876 3177; x_wconf 94' lang='lat' dir='ltr'><strong>u.</strong></span> <span class='ocrx_word' id='word_1_286' title='bbox 901 3131 970 3192; x_wconf 82' lang='lat'><strong>470,</strong></span> <span class='ocrx_word' id='word_1_287' title='bbox 997 3117 1079 3195; x_wconf 93' lang='lat' dir='ltr'><strong>quod</strong></span> <span class='ocrx_word' id='word_1_288' title='bbox 1106 3120 1136 3176; x_wconf 86' lang='lat' dir='ltr'><strong>ln</strong></span> <span class='ocrx_word' id='word_1_289' title='bbox 1165 3117 1348 3178; x_wconf 86' lang='lat' dir='ltr'><strong>Praefatione</strong></span> 
     </span>
     <span class='ocr_line' id='line_1_29' title="bbox 194 3210 1349 3288; baseline 0.001 -18"><span class='ocrx_word' id='word_1_290' title='bbox 194 3211 400 3288; x_wconf 88' lang='lat' dir='ltr'><strong>Lycophronis</strong></span> <span class='ocrx_word' id='word_1_291' title='bbox 428 3211 583 3270; x_wconf 87' lang='lat' dir='ltr'><strong>Kinkelius</strong></span> <span class='ocrx_word' id='word_1_292' title='bbox 611 3212 776 3272; x_wconf 90' lang='lat' dir='ltr'><strong>coniecerat</strong></span> <span class='ocrx_word' id='word_1_293' title='bbox 804 3231 832 3288; x_wconf 92' lang='lat' dir='ltr'><strong>p.</strong></span> <span class='ocrx_word' id='word_1_294' title='bbox 861 3213 895 3283; x_wconf 93' lang='lat' dir='ltr'><strong>iv,</strong></span> <span class='ocrx_word' id='word_1_295' title='bbox 925 3230 961 3270; x_wconf 94' lang='lat' dir='ltr'><strong>ex</strong></span> <span class='ocrx_word' id='word_1_296' title='bbox 991 3210 1172 3271; x_wconf 90' lang='lat' dir='ltr'><strong>Callimacho</strong></span> <span class='ocrx_word' id='word_1_297' title='bbox 1201 3214 1231 3270; x_wconf 88' lang='lat' dir='ltr'><strong>in</strong></span> <span class='ocrx_word' id='word_1_298' title='bbox 1259 3211 1349 3272; x_wconf 77' lang='lat' dir='ltr'><strong>Isidir</strong></span> 
     </span>
     <span class='ocr_line' id='line_1_30' title="bbox 194 3304 1349 3384; baseline 0.003 -22"><span class='ocrx_word' id='word_1_299' title='bbox 194 3324 222 3364; x_wconf 90' lang='lat' dir='ltr'><strong>u.</strong></span> <span class='ocrx_word' id='word_1_300' title='bbox 239 3308 308 3364; x_wconf 87' lang='lat'><strong>621.</strong></span> <span class='ocrx_word' id='word_1_301' title='bbox 350 3304 398 3364; x_wconf 90' lang='lat' dir='ltr'><strong>De</strong></span> <span class='ocrx_word' id='word_1_302' title='bbox 416 3305 489 3364; x_wconf 92' lang='lat' dir='ltr'><strong>locis</strong></span> <span class='ocrx_word' id='word_1_303' title='bbox 507 3323 581 3381; x_wconf 91' lang='lat' dir='ltr'><strong>quos</strong></span> <span class='ocrx_word' id='word_1_304' title='bbox 600 3305 775 3382; x_wconf 88' lang='lat' dir='ltr'><strong>Saluagnius</strong></span> <span class='ocrx_word' id='word_1_305' title='bbox 795 3307 973 3382; x_wconf 90' lang='lat' dir='ltr'><strong>interpretari</strong></span> <span class='ocrx_word' id='word_1_306' title='bbox 994 3305 1082 3364; x_wconf 91' lang='lat' dir='ltr'><strong>alium</strong></span> <span class='ocrx_word' id='word_1_307' title='bbox 1103 3323 1189 3384; x_wconf 90' lang='lat' dir='ltr'><strong>posse</strong></span> <span class='ocrx_word' id='word_1_308' title='bbox 1209 3315 1288 3364; x_wconf 90' lang='lat' dir='ltr'><strong>ratus</strong></span> <span class='ocrx_word' id='word_1_309' title='bbox 1305 3316 1349 3365; x_wconf 90' lang='lat' dir='ltr'><strong>est</strong></span> 
     </span>
     <span class='ocr_line' id='line_1_31' title="bbox 194 3398 1347 3475; baseline 0.001 -18"><span class='ocrx_word' id='word_1_310' title='bbox 194 3399 344 3458; x_wconf 90' lang='lat' dir='ltr'><strong>neminem</strong></span> <span class='ocrx_word' id='word_1_311' title='bbox 358 3403 424 3472; x_wconf 83' lang='lat'><strong>287,</strong></span> <span class='ocrx_word' id='word_1_312' title='bbox 439 3417 507 3474; x_wconf 84' lang='lat'><strong>310,</strong></span> <span class='ocrx_word' id='word_1_313' title='bbox 518 3401 660 3470; x_wconf 84' lang='lat'><strong>621-624</strong></span> <span class='ocrx_word' id='word_1_314' title='bbox 676 3399 806 3458; x_wconf 90' lang='lat' dir='ltr'><strong>diuinare</strong></span> <span class='ocrx_word' id='word_1_315' title='bbox 821 3400 924 3459; x_wconf 89' lang='lat' dir='ltr'><strong>saltem</strong></span> <span class='ocrx_word' id='word_1_316' title='bbox 938 3398 1055 3475; x_wconf 89' lang='lat' dir='ltr'><strong>aliquid,</strong></span> <span class='ocrx_word' id='word_1_317' title='bbox 1068 3399 1092 3458; x_wconf 91' lang='lat' dir='ltr'><strong>si</strong></span> <span class='ocrx_word' id='word_1_318' title='bbox 1106 3417 1168 3458; x_wconf 88' lang='lat' dir='ltr'><strong>non</strong></span> <span class='ocrx_word' id='word_1_319' title='bbox 1182 3400 1347 3470; x_wconf 89' lang='lat' dir='ltr'><strong>decernere,</strong></span> 
     </span>
     <span class='ocr_line' id='line_1_32' title="bbox 194 3490 1348 3568; baseline -0.002 -18"><span class='ocrx_word' id='word_1_320' title='bbox 194 3492 282 3551; x_wconf 90' lang='lat' dir='ltr'><strong>licuit.</strong></span> <span class='ocrx_word' id='word_1_321' title='bbox 327 3490 385 3550; x_wconf 92' lang='lat' dir='ltr'><strong>Sed</strong></span> <span class='ocrx_word' id='word_1_322' title='bbox 400 3491 499 3551; x_wconf 91' lang='lat' dir='ltr'><strong>deme</strong></span> <span class='ocrx_word' id='word_1_323' title='bbox 520 3510 557 3551; x_wconf 93' lang='lat' dir='ltr'><strong>ne</strong></span> <span class='ocrx_word' id='word_1_324' title='bbox 575 3492 658 3567; x_wconf 88' lang='lat' dir='ltr'><strong>plura</strong></span> <span class='ocrx_word' id='word_1_325' title='bbox 678 3492 809 3564; x_wconf 86' lang='lat' dir='ltr'><strong>dixerim,</strong></span> <span class='ocrx_word' id='word_1_326' title='bbox 824 3510 886 3551; x_wconf 90' lang='lat' dir='ltr'><strong>non</strong></span> <span class='ocrx_word' id='word_1_327' title='bbox 905 3492 1034 3552; x_wconf 92' lang='lat' dir='ltr'><strong>inutilem</strong></span> <span class='ocrx_word' id='word_1_328' title='bbox 1053 3509 1102 3550; x_wconf 91' lang='lat' dir='ltr'><strong>me</strong></span> <span class='ocrx_word' id='word_1_329' title='bbox 1116 3509 1237 3568; x_wconf 92' lang='lat' dir='ltr'><strong>operam</strong></span> <span class='ocrx_word' id='word_1_330' title='bbox 1251 3493 1348 3551; x_wconf 89' lang='lat' dir='ltr'><strong>existi-</strong></span> 
     </span>
     <span class='ocr_line' id='line_1_33' title="bbox 194 3584 1349 3662; baseline 0.003 -20"><span class='ocrx_word' id='word_1_331' title='bbox 194 3587 285 3645; x_wconf 90' lang='lat' dir='ltr'><strong>mabo</strong></span> <span class='ocrx_word' id='word_1_332' title='bbox 299 3585 473 3662; x_wconf 87' lang='lat' dir='ltr'><strong>profudisse,</strong></span> <span class='ocrx_word' id='word_1_333' title='bbox 489 3586 512 3643; x_wconf 90' lang='lat' dir='ltr'><strong>si</strong></span> <span class='ocrx_word' id='word_1_334' title='bbox 528 3585 653 3646; x_wconf 90' lang='lat' dir='ltr'><strong>adhaec</strong></span> <span class='ocrx_word' id='word_1_335' title='bbox 668 3586 762 3644; x_wconf 89' lang='lat' dir='ltr'><strong>studia</strong></span> <span class='ocrx_word' id='word_1_336' title='bbox 776 3586 848 3645; x_wconf 91' lang='lat' dir='ltr'><strong>alios</strong></span> <span class='ocrx_word' id='word_1_337' title='bbox 862 3586 1048 3645; x_wconf 90' lang='lat' dir='ltr'><strong>suscitauero.</strong></span> <span class='ocrx_word' id='word_1_338' title='bbox 1086 3584 1165 3644; x_wconf 90' lang='lat' dir='ltr'><strong>Nam</strong></span> <span class='ocrx_word' id='word_1_339' title='bbox 1180 3587 1203 3644; x_wconf 92' lang='lat' dir='ltr'><strong>si</strong></span> <span class='ocrx_word' id='word_1_340' title='bbox 1218 3588 1247 3644; x_wconf 79' lang='lat' dir='ltr'><strong>ln</strong></span> <span class='ocrx_word' id='word_1_341' title='bbox 1264 3586 1349 3646; x_wconf 93' lang='lat' dir='ltr'><strong>Nuce</strong></span> 
     </span>
     <span class='ocr_line' id='line_1_34' title="bbox 194 3678 1348 3755; baseline 0.003 -19"><span class='ocrx_word' id='word_1_342' title='bbox 194 3679 328 3738; x_wconf 90' lang='lat' dir='ltr'><strong>laudatur</strong></span> <span class='ocrx_word' id='word_1_343' title='bbox 337 3678 584 3750; x_wconf 88' lang='lat' dir='ltr'><strong>Wilamowitzius,</strong></span> <span class='ocrx_word' id='word_1_344' title='bbox 599 3680 629 3737; x_wconf 94' lang='lat' dir='ltr'><strong>in</strong></span> <span class='ocrx_word' id='word_1_345' title='bbox 643 3679 786 3755; x_wconf 92' lang='lat' dir='ltr'><strong>Epicedio</strong></span> <span class='ocrx_word' id='word_1_346' title='bbox 803 3678 987 3751; x_wconf 91' lang='lat' dir='ltr'><strong>Huebnerus,</strong></span> <span class='ocrx_word' id='word_1_347' title='bbox 1002 3679 1032 3737; x_wconf 90' lang='lat' dir='ltr'><strong>in</strong></span> <span class='ocrx_word' id='word_1_348' title='bbox 1047 3678 1218 3740; x_wconf 89' lang='lat' dir='ltr'><strong>Halieuticis</strong></span> <span class='ocrx_word' id='word_1_349' title='bbox 1232 3680 1348 3752; x_wconf 78' lang='lat' dir='ltr'><strong>BirtiuS,</strong></span> 
     </span>
     <span class='ocr_line' id='line_1_35' title="bbox 195 3771 1349 3849; baseline 0.002 -19"><span class='ocrx_word' id='word_1_350' title='bbox 195 3774 227 3830; x_wconf 93' lang='lat' dir='ltr'><strong>in</strong></span> <span class='ocrx_word' id='word_1_351' title='bbox 245 3771 377 3848; x_wconf 90' lang='lat' dir='ltr'><strong>Epistula</strong></span> <span class='ocrx_word' id='word_1_352' title='bbox 392 3772 527 3849; x_wconf 91' lang='lat' dir='ltr'><strong>Sapphus</strong></span> <span class='ocrx_word' id='word_1_353' title='bbox 543 3771 759 3848; x_wconf 89' lang='lat' dir='ltr'><strong>Comparettus,</strong></span> <span class='ocrx_word' id='word_1_354' title='bbox 774 3790 896 3848; x_wconf 90' lang='lat' dir='ltr'><strong>possum</strong></span> <span class='ocrx_word' id='word_1_355' title='bbox 914 3772 985 3831; x_wconf 91' lang='lat' dir='ltr'><strong>mihi</strong></span> <span class='ocrx_word' id='word_1_356' title='bbox 1004 3771 1051 3831; x_wconf 94' lang='lat' dir='ltr'><strong>uel</strong></span> <span class='ocrx_word' id='word_1_357' title='bbox 1070 3773 1211 3832; x_wconf 90' lang='lat' dir='ltr'><strong>maiorem</strong></span> <span class='ocrx_word' id='word_1_358' title='bbox 1232 3773 1349 3832; x_wconf 92' lang='lat' dir='ltr'><strong>laudem</strong></span> 
     </span>
     <span class='ocr_line' id='line_1_36' title="bbox 196 3865 1349 3943; baseline -0.001 -18"><span class='ocrx_word' id='word_1_359' title='bbox 196 3865 338 3943; x_wconf 87' lang='lat' dir='ltr'><strong>adrogare</strong></span> <span class='ocrx_word' id='word_1_360' title='bbox 355 3867 405 3942; x_wconf 94' lang='lat' dir='ltr'><strong>qui</strong></span> <span class='ocrx_word' id='word_1_361' title='bbox 424 3865 461 3924; x_wconf 92' lang='lat' dir='ltr'><strong>ad</strong></span> <span class='ocrx_word' id='word_1_362' title='bbox 476 3865 550 3936; x_wconf 93' lang='lat' dir='ltr'><strong>Ibin,</strong></span> <span class='ocrx_word' id='word_1_363' title='bbox 566 3883 641 3941; x_wconf 93' lang='lat' dir='ltr'><strong>opus</strong></span> <span class='ocrx_word' id='word_1_364' title='bbox 658 3883 719 3924; x_wconf 93' lang='lat' dir='ltr'><strong>non</strong></span> <span class='ocrx_word' id='word_1_365' title='bbox 737 3866 801 3925; x_wconf 93' lang='lat' dir='ltr'><strong>leue</strong></span> <span class='ocrx_word' id='word_1_366' title='bbox 815 3865 888 3924; x_wconf 92' lang='lat' dir='ltr'><strong>etin</strong></span> <span class='ocrx_word' id='word_1_367' title='bbox 903 3883 962 3942; x_wconf 93' lang='lat' dir='ltr'><strong>quo</strong></span> <span class='ocrx_word' id='word_1_368' title='bbox 977 3865 1105 3924; x_wconf 90' lang='lat' dir='ltr'><strong>maxima</strong></span> <span class='ocrx_word' id='word_1_369' title='bbox 1119 3866 1236 3941; x_wconf 90' lang='lat' dir='ltr'><strong>ingenia</strong></span> <span class='ocrx_word' id='word_1_370' title='bbox 1249 3866 1349 3925; x_wconf 91' lang='lat' dir='ltr'><strong>elabo-</strong></span> 
     </span>
     <span class='ocr_line' id='line_1_37' title="bbox 196 3958 1348 4035; baseline 0 -17"><span class='ocrx_word' id='word_1_371' title='bbox 196 3959 295 4030; x_wconf 91' lang='lat' dir='ltr'><strong>rarint,</strong></span> <span class='ocrx_word' id='word_1_372' title='bbox 309 3958 476 4035; x_wconf 87' lang='lat' dir='ltr'><strong>philologos</strong></span> <span class='ocrx_word' id='word_1_373' title='bbox 492 3961 597 4018; x_wconf 90' lang='lat' dir='ltr'><strong>iterum</strong></span> <span class='ocrx_word' id='word_1_374' title='bbox 614 3959 821 4019; x_wconf 89' lang='lat' dir='ltr'><strong>reuocauerim.</strong></span> <span class='ocrx_word' id='word_1_375' title='bbox 864 3958 933 4031; x_wconf 89' lang='lat' dir='ltr'><strong>Quo</strong></span> <span class='ocrx_word' id='word_1_376' title='bbox 948 3968 979 4017; x_wconf 93' lang='lat' dir='ltr'><strong>ut</strong></span> <span class='ocrx_word' id='word_1_377' title='bbox 995 3958 1142 4034; x_wconf 83' lang='lat' dir='ltr'><strong>adspIrare</strong></span> <span class='ocrx_word' id='word_1_378' title='bbox 1161 3977 1223 4018; x_wconf 93' lang='lat' dir='ltr'><strong>non</strong></span> <span class='ocrx_word' id='word_1_379' title='bbox 1237 3977 1348 4031; x_wconf 92' lang='lat' dir='ltr'><strong>uereor,</strong></span> 
     </span>
     <span class='ocr_line' id='line_1_38' title="bbox 197 4052 1112 4131; baseline -0.002 -18"><span class='ocrx_word' id='word_1_380' title='bbox 197 4054 240 4113; x_wconf 88' lang='lat' dir='ltr'><strong>sle</strong></span> <span class='ocrx_word' id='word_1_381' title='bbox 255 4053 379 4111; x_wconf 91' lang='lat' dir='ltr'><strong>uerebor</strong></span> <span class='ocrx_word' id='word_1_382' title='bbox 393 4071 431 4111; x_wconf 87' lang='lat' dir='ltr'><strong>ne</strong></span> <span class='ocrx_word' id='word_1_383' title='bbox 445 4052 608 4128; x_wconf 89' lang='lat' dir='ltr'><strong>legentibus</strong></span> <span class='ocrx_word' id='word_1_384' title='bbox 623 4071 689 4112; x_wconf 89' lang='lat' dir='ltr'><strong>mea</strong></span> <span class='ocrx_word' id='word_1_385' title='bbox 702 4054 764 4131; x_wconf 90' lang='lat' dir='ltr'><strong>ipse</strong></span> <span class='ocrx_word' id='word_1_386' title='bbox 779 4052 897 4113; x_wconf 83' lang='lat' dir='ltr'><strong>inferior</strong></span> <span class='ocrx_word' id='word_1_387' title='bbox 912 4071 963 4130; x_wconf 89' lang='lat' dir='ltr'><strong>spe</strong></span> <span class='ocrx_word' id='word_1_388' title='bbox 977 4052 1112 4112; x_wconf 87' lang='lat' dir='ltr'><strong>euadam.</strong></span> 
     </span>
    </p>

    <p class='ocr_par' dir='ltr' id='par_1_4' title="bbox 239 4144 1347 4224">
     <span class='ocr_line' id='line_1_39' title="bbox 239 4144 1347 4224; baseline 0.002 -21"><span class='ocrx_word' id='word_1_389' title='bbox 239 4145 381 4221; x_wconf 89' lang='lat' dir='ltr'><strong>Agendae</strong></span> <span class='ocrx_word' id='word_1_390' title='bbox 396 4144 522 4221; x_wconf 91' lang='lat' dir='ltr'><strong>denique</strong></span> <span class='ocrx_word' id='word_1_391' title='bbox 542 4157 639 4222; x_wconf 88' lang='lat' dir='ltr'><strong>grates</strong></span> <span class='ocrx_word' id='word_1_392' title='bbox 656 4155 724 4205; x_wconf 90' lang='lat' dir='ltr'><strong>sunt</strong></span> <span class='ocrx_word' id='word_1_393' title='bbox 741 4147 782 4206; x_wconf 81' lang='lat' dir='ltr'><strong>eIs</strong></span> <span class='ocrx_word' id='word_1_394' title='bbox 800 4147 850 4224; x_wconf 93' lang='lat' dir='ltr'><strong>qui</strong></span> <span class='ocrx_word' id='word_1_395' title='bbox 868 4147 898 4204; x_wconf 94' lang='lat' dir='ltr'><strong>in</strong></span> <span class='ocrx_word' id='word_1_396' title='bbox 918 4146 975 4205; x_wconf 91' lang='lat' dir='ltr'><strong>hoc</strong></span> <span class='ocrx_word' id='word_1_397' title='bbox 993 4163 1081 4222; x_wconf 89' lang='lat' dir='ltr'><strong>opere</strong></span> <span class='ocrx_word' id='word_1_398' title='bbox 1100 4153 1148 4204; x_wconf 84' lang='lat' dir='ltr'><strong>nie</strong></span> <span class='ocrx_word' id='word_1_399' title='bbox 1166 4146 1347 4206; x_wconf 92' lang='lat' dir='ltr'><strong>adiuuerunt.</strong></span> 
     </span>
    </p>
   </div>
   <div class='ocr_carea' id='block_1_3' title="bbox 198 4238 1348 4316">
    <p class='ocr_par' dir='ltr' id='par_1_5' title="bbox 198 4238 1348 4316">
     <span class='ocr_line' id='line_1_40' title="bbox 198 4238 1348 4316; baseline 0.003 -20"><span class='ocrx_word' id='word_1_400' title='bbox 198 4238 335 4314; x_wconf 89' lang='lat' dir='ltr'><strong>Inprimis</strong></span> <span class='ocrx_word' id='word_1_401' title='bbox 350 4239 441 4297; x_wconf 91' lang='lat' dir='ltr'><strong>sorori</strong></span> <span class='ocrx_word' id='word_1_402' title='bbox 460 4256 543 4298; x_wconf 89' lang='lat' dir='ltr'><strong>meac</strong></span> <span class='ocrx_word' id='word_1_403' title='bbox 560 4239 670 4312; x_wconf 89' lang='lat' dir='ltr'><strong>maiori,</strong></span> <span class='ocrx_word' id='word_1_404' title='bbox 685 4257 760 4316; x_wconf 90' lang='lat' dir='ltr'><strong>quac</strong></span> <span class='ocrx_word' id='word_1_405' title='bbox 775 4239 931 4299; x_wconf 90' lang='lat' dir='ltr'><strong>uerborum</strong></span> <span class='ocrx_word' id='word_1_406' title='bbox 945 4239 1077 4298; x_wconf 90' lang='lat' dir='ltr'><strong>Indicem</strong></span> <span class='ocrx_word' id='word_1_407' title='bbox 1090 4239 1348 4316; x_wconf 89' lang='lat' dir='ltr'><strong>locupletissimum</strong></span> 
     </span>
    </p>
   </div>
   <div class='ocr_carea' id='block_1_4' title="bbox 200 4432 1349 4499">
    <p class='ocr_par' dir='ltr' id='par_1_6' title="bbox 200 4432 1349 4499">
     <span class='ocr_line' id='line_1_41' title="bbox 200 4432 1349 4499; baseline 0.003 -22"><span class='ocrx_word' id='word_1_408' title='bbox 200 4438 254 4492; x_wconf 82' lang='lat' dir='ltr'><strong>post</strong></span> <span class='ocrx_word' id='word_1_409' title='bbox 278 4432 370 4478; x_wconf 91' lang='lat' dir='ltr'><strong>obitum</strong></span> <span class='ocrx_word' id='word_1_410' title='bbox 395 4447 506 4497; x_wconf 86' lang='lat' dir='ltr'><strong>spargere,</strong></span> <span class='ocrx_word' id='word_1_411' title='bbox 529 4448 586 4494; x_wconf 83' lang='lat' dir='ltr'><strong>quos</strong></span> <span class='ocrx_word' id='word_1_412' title='bbox 610 4434 675 4480; x_wconf 83' lang='lat' dir='ltr'><strong>uiuos</strong></span> <span class='ocrx_word' id='word_1_413' title='bbox 700 4433 849 4482; x_wconf 86' lang='lat' dir='ltr'><strong>uehementer</strong></span> <span class='ocrx_word' id='word_1_414' title='bbox 870 4434 978 4482; x_wconf 80' lang='lat' dir='ltr'><strong>odissent.</strong></span> <span class='ocrx_word' id='word_1_415' title='bbox 1023 4434 1059 4482; x_wconf 75' lang='lat' dir='ltr'><strong>stc</strong></span> <span class='ocrx_word' id='word_1_416' title='bbox 1084 4435 1162 4499; x_wconf 87' lang='lat' dir='ltr'><strong>magni</strong></span> <span class='ocrx_word' id='word_1_417' title='bbox 1188 4435 1247 4482; x_wconf 81' lang='lat' dir='ltr'><strong>illius</strong></span> <span class='ocrx_word' id='word_1_418' title='bbox 1269 4437 1349 4497; x_wconf 90' lang='lat' dir='ltr'><strong>Pyrrhi</strong></span> 
     </span>
    </p>
   </div>
   <div class='ocr_carea' id='block_1_5' title="bbox 201 4495 1418 4622">
    <p class='ocr_par' dir='ltr' id='par_1_7' title="bbox 201 4495 1418 4622">
     <span class='ocr_line' id='line_1_42' title="bbox 201 4495 1418 4605; baseline 0.002 -64"><span class='ocrx_word' id='word_1_419' title='bbox 201 4495 307 4605; x_wconf 58' lang='lat' dir='ltr'><strong>dlfloelae</strong></span> <span class='ocrx_word' id='word_1_420' title='bbox 330 4497 445 4557; x_wconf 83' lang='lat' dir='ltr'><strong>reliquiae,</strong></span> <span class='ocrx_word' id='word_1_421' title='bbox 468 4507 493 4545; x_wconf 93' lang='lat' dir='ltr'><strong>ut</strong></span> <span class='ocrx_word' id='word_1_422' title='bbox 516 4507 539 4546; x_wconf 91' lang='lat' dir='ltr'><strong>et</strong></span> <span class='ocrx_word' id='word_1_423' title='bbox 562 4498 662 4546; x_wconf 79' lang='lat' dir='ltr'><strong>historici</strong></span> <span class='ocrx_word' id='word_1_424' title='bbox 686 4508 798 4547; x_wconf 85' lang='lat' dir='ltr'><strong>testantur</strong></span> <span class='ocrx_word' id='word_1_425' title='bbox 822 4508 845 4546; x_wconf 91' lang='lat' dir='ltr'><strong>et</strong></span> <span class='ocrx_word' id='word_1_426' title='bbox 868 4500 964 4546; x_wconf 83' lang='lat' dir='ltr'><strong>OuidIus</strong></span> <span class='ocrx_word' id='word_1_427' title='bbox 987 4499 1011 4545; x_wconf 92' lang='lat' dir='ltr'><strong>in</strong></span> <span class='ocrx_word' id='word_1_428' title='bbox 1033 4499 1099 4548; x_wconf 89' lang='lat' dir='ltr'><strong>Ibin.’</strong></span> <span class='ocrx_word' id='word_1_429' title='bbox 1140 4501 1198 4547; x_wconf 85' lang='lat' dir='ltr'><strong>Vide</strong></span> <span class='ocrx_word' id='word_1_430' title='bbox 1221 4503 1348 4548; x_wconf 82' lang='lat' dir='ltr'><strong>Desselium</strong></span> <span class='ocrx_word' id='word_1_431' title='bbox 1411 4529 1418 4544; x_wconf 78' lang='lat'><strong>.</strong></span> 
     </span>
     <span class='ocr_line' id='line_1_43' title="bbox 201 4571 320 4622; baseline 0.008 -16"><span class='ocrx_word' id='word_1_432' title='bbox 201 4574 213 4606; x_wconf 86' lang='lat' dir='ltr'><strong>a</strong></span> <span class='ocrx_word' id='word_1_433' title='bbox 247 4571 320 4622; x_wconf 76' lang='lat'><strong>304..</strong></span> 
     </span>
    </p>
   </div>
   <div class='ocr_carea' id='block_1_6' title="bbox 0 0 1658 5204">
    <p class='ocr_par' dir='ltr' id='par_1_8' title="bbox 0 0 1658 5204">
     <span class='ocr_line' id='line_1_44' title="bbox 0 0 1658 5204; baseline 0 0"><span class='ocrx_word' id='word_1_434' title='bbox 0 0 1658 5204; x_wconf 95' lang='lat' dir='ltr'><strong> </strong></span> 
     </span>
    </p>
   </div>
  </div>
 </body>
</html>
