3312 5200
287 451 343 506 106
686 443 1034 504 COMMENTARIVS.

283 601 369 655 Trist.
382 599 400 653 i.
412 615 438 654 2.
451 615 476 654 2.
563 602 609 656 le.
627 603 796 665 Naufragii
808 603 943 656 tabulae.
980 599 1071 654 Simili
1085 600 1171 655 modo
1183 600 1306 671 loquitur
1318 600 1355 654 de
1368 618 1438 655 nau-

283 671 380 740 fragiis
393 671 521 726 fortunae
534 687 602 724 suae
615 670 700 724 Trist.
713 670 731 724 i.
744 672 770 724 6.
784 683 799 737 7
817 671 861 723 Tu
870 671 950 740 facis
962 676 996 724 ut
1006 672 1128 741 spolium
1141 688 1198 724 non
1210 675 1273 738 sz'm,
1286 689 1335 726 nec
1346 673 1441 724 nuder

282 743 391 797 abillis
404 741 583 809 Naufragii
602 742 736 796 tabulas
752 743 805 810 qui
813 743 921 810 petiere
934 741 1005 795 mei.
1043 742 1107 795 Val.
1123 743 1199 796 Max.
1213 741 1267 796 viii.
1283 757 1303 796 1.
1318 757 1348 795 12
1361 744 1440 795 inter

282 815 422 866 mam'mos
436 819 464 865 et
477 813 666 882 grauissimos
681 813 817 881 infamiae
825 812 937 880 fluctus
950 813 1068 879 emersit,
1084 822 1253 881 tamquam
1272 813 1438 881 fragmen·

283 892 350 936 tum
367 881 536 950 naufragii
549 882 609 935 leue
621 883 771 936 admodum
779 898 872 951 genus
883 883 1051 950 defensiones
1062 883 1241 951 amplexus.
1314 886 1359 938 19.
1377 886 1437 936 De-

282 956 395 1008 buerat
422 957 544 1006 subitae
571 956 754 1017 extinguere
780 955 932 1006 fiammae.
982 952 1108 1006 Credidit
1134 951 1302 1021 Saluagnius
1333 951 1436 1020 respici

282 1022 406 1076 officium
425 1022 485 1077 siue
503 1021 620 1090 uigilum
639 1023 699 1077 siue
718 1022 833 1092 uigilum
852 1022 994 1092 praelecti.
1033 1021 1185 1090 Dig.i.15.
1201 1037 1216 1090 3
1234 1023 1346 1076 Paulus
1363 1024 1437 1076 libro

281 1094 428 1163 singulari
446 1094 480 1146 de
497 1095 584 1162 (afficio
600 1093 740 1162 praejecti
759 1093 890 1164 uz'ge'lum.
927 1110 994 1146 nom
1013 1093 1133 1146 salutem
1152 1095 1197 1146 rei
1211 1095 1341 1162 publicae
1362 1095 1441 1147 tueri

281 1165 360 1217 nulli
374 1164 467 1233 magis
482 1164 601 1218 credeliit
616 1166 764 1218 conuenire
780 1181 829 1217 nec
843 1165 934 1216 alium
950 1165 1073 1232 sufficere
1085 1165 1112 1216 ei
1126 1165 1171 1216 rei
1180 1181 1265 1232 quam
1280 1165 1436 1218 Caesam.

281 1235 377 1303 itaque
392 1237 494 1304 septem
511 1234 634 1288 cobortes
651 1235 799 1304 oportunis
815 1234 882 1288 loces
898 1235 1051 1302 constituit,
1069 1240 1103 1287 ut
1118 1234 1198 1287 binas
1214 1235 1339 1304 regiones
1358 1234 1438 1287 urbis

281 1321 465 1374 unaquaeque
491 1303 588 1358 colors
615 1310 739 1372 tueatur,
762 1306 934 1374 praepositis
961 1306 1002 1357 eis
1028 1305 1151 1358 tribunis
1177 1309 1206 1357 et
1230 1307 1318 1374 super
1342 1321 1437 1358 omnes

280 1374 426 1444 spectabili
443 1375 508 1428 uiro
526 1375 579 1444 qui
593 1376 753 1444 praefectus
772 1375 895 1444 uigilum
915 1374 1085 1444 appellatur.
1121 1376 1261 1445 cognoscit
1276 1376 1437 1445 praefectus

281 1446 667 1584 'l‘lltlttttsstilll
682 1445 874 1585 bilbili?
887 1445 1435 1584 11Ξέ3εηῗίθῖἓωεῖἕῖρίἴὲἷῦἴξ·

476 1555 483 1583 s
856 1556 861 1569 ·
1038 1557 1044 1569 ·
1097 1555 1104 1568 ·
1162 1557 1169 1583 s
1267 1557 1273 1569 ·
1365 1553 1371 1567 ·
1428 1554 1435 1574 r

282 1589 333 1640 20.
352 1589 508 1651 praedam
548 1587 726 1640 inuolaturus
744 1587 833 1640 fuerat
851 1586 928 1639 bona
946 1584 1050 1653 Ouidii,
1069 1585 1123 1639 nisi
1142 1603 1211 1640 uxor
1229 1585 1435 1643 intercessisset

281 1657 366 1711 Trist.
386 1657 403 1710 i.
422 1657 446 1711 6.
470 1671 500 1725 13
529 1657 579 1710 Sic
598 1674 660 1710 mea
683 1658 773 1710 nesu'o
796 1657 861 1726 quis
884 1656 965 1710 rebus
989 1657 1062 1710 male
1076 1657 1158 1726 fidus
1182 1657 1286 1710 acerbis
1306 1657 1343 1710 Iu
1364 1657 1436 1714 bono

281 1732 429 1793 uenturus,
441 1729 469 1780 si
474 1731 611 1797 paterere,
615 1728 688 1797 fuit.
760 1729 808 1781 23.
827 1729 870 1780 Di
880 1730 994 1782 meiius
1007 1727 1144 1782 ‘Heaven
1156 1727 1262 1780 forbid'
1274 1727 1307 1781 A.
1324 1727 1436 1780 Palmer

282 1798 320 1851 ad
335 1799 404 1852 Her.
418 1796 455 1850 iii.
473 1810 528 1866 125.
567 1799 631 1866 Quo
648 1815 717 1852 sane
734 1814 819 1851 sensu
838 1797 907 1851 alias
925 1797 1070 1866 usurpauit
1088 1797 1216 1865 Ouidius,
1234 1798 1296 1850 Am
1311 1796 1340 1850 ii.
1353 1809 1377 1862 7.
1394 1811 1435 1865 19,

281 1869 317 1922 A.
331 1869 365 1920 A.
384 1867 411 1922 ii.
432 1868 491 1936 388,
514 1870 595 1922 Rem.
614 1882 675 1937 439,
699 1870 738 1923 M.
759 1867 793 1922 iic
813 1868 874 1936 496.
925 1869 1071 1922 Interdum
1094 1877 1190 1922 tamen
1211 1878 1255 1922 est
1279 1867 1343 1921 ‘the
1362 1867 1435 1936 gods

281 1937 414 1992 sorbade'
432 1948 462 1991 ut
480 1939 541 1992 Val
563 1940 640 1992 Max.
653 1938 687 1993 vi.
706 1954 726 1993 1.
746 1941 809 1992 Ext.
823 1952 839 2005 3
855 1939 898 1991 Di
914 1939 1015 1992 melius
1032 1939 1109 2007 quod
1122 1938 1199 1992 bunc
1213 1939 1342 1990 animum
1362 1939 1436 1991 uires

281 2025 380 2061 earum
404 2009 436 2063 in
460 2009 520 2061 acie
543 2025 599 2062 non
625 2010 763 2063 dedenent
790 2026 874 2078 quem
903 2008 996 2062 locum
1021 2010 1155 2063 Schottus
1183 2007 1275 2062 attulit
1301 2009 1339 2061 ad
1367 2009 1433 2062 Sen.

283 2081 417 2132 Controu.
430 2097 454 2132 n
471 2079 559 2134 Praei.
573 2093 590 2146 4
608 2081 653 2134 Di
663 2081 764 2134 melius
778 2081 856 2149 quod
868 2096 899 2132 eo
911 2080 1021 2134 saeculo
1032 2081 1088 2134 isla
1100 2081 1280 2150 ingeniorum
1293 2079 1436 2148 supplicia

280 2153 430 2218 coeperunt
449 2166 504 2218 quo
524 2151 640 2220 ingenia
660 2152 810 2204 desiemnt.
848 2151 915 2204 Seu.
941 2150 1031 2218 Epist.
1054 2151 1095 2218 98.
1117 2165 1135 2216 4
1155 2151 1198 2203 Et
1217 2150 1317 2202 senties
1337 2147 1437 2202 locet

281 2219 456 2288 confiteberis,
477 2219 554 2273 nihil
571 2238 608 2274 er
629 2220 675 2274 his
698 2221 866 2291 optabilibus
886 2225 913 2274 et
936 2223 1012 2274 caris
1032 2221 1102 2274 utile
1122 2237 1185 2288 esse,
1208 2221 1267 2274 nisi
1288 2225 1315 2272 te
1336 2225 1435 2272 contra

281 2292 424 2344 leuitatem
442 2307 523 2344 casus
538 2308 688 2360 rerumque
704 2309 798 2346 casum
815 2293 989 2360 sequentium
1010 2293 1189 2358 instruxeris,
1209 2291 1268 2343 uzu
1285 2290 1363 2343 illud
1371 2291 1435 2359 fre·

280 2366 399 2431 quenter
411 2366 441 2414 et
455 2363 516 2414 sine
550 2363 656 2415 uerella
674 2364 751 2415 inter
764 2362 880 2432 singula
892 2363 998 2415 damno
1013 2363 1120 2415 dereris
1138 2361 1200 2415 Dis
1213 2360 1313 2415 aliter
1326 2360 1435 2413 uisum

279 2441 350 2486 est:
369 2433 454 2484 immo
473 2449 515 2485 me
534 2433 638 2486 ercules
652 2438 685 2487 ut
702 2449 814 2486 carmen
823 2433 935 2500 fortius
952 2450 986 2486 ac
1001 2434 1107 2489 iustius
1119 2436 1215 2502 petam
1234 2448 1289 2500 quo
1305 2431 1434 2483 animum

280 2509 363 2557 tuum
384 2503 476 2573 magis
486 2504 605 2572 fulcias,
623 2503 674 2557 icoc
693 2505 786 2571 deceta,
805 2504 932 2571 quotiens
952 2504 1067 2572 aliquid
1083 2505 1170 2556 aliter
1186 2519 1273 2571 quom
1294 2501 1435 2572 cogitabas

280 2575 413 2640 euenerit,
433 2572 474 2626 Di
494 2573 623 2628 melius.
661 2575 711 2627 Sic
724 2575 873 2642 composito
889 2573 968 2627 nibil
980 2575 1102 2628 occidet:
1120 2573 1161 2627 ita
1173 2572 1249 2627 enim
1261 2581 1337 2626 recte
1350 2571 1433 2625 inter-

281 2653 407 2712 pretatus
426 2653 469 2698 est
487 2643 687 2712 Hertzbergius
706 2644 743 2698 ad
763 2646 844 2712 Prop.
859 2643 893 2698 iv.
908 2644 932 2698 6.
946 2644 987 2712 65.
1028 2646 1128 2713 Itaque
1146 2643 1223 2697 haud
1241 2642 1301 2696 scio
1319 2659 1356 2695 an
1375 2659 1434 2698 non

281 2713 382 2767 melius
401 2731 476 2768 nunc
495 2714 536 2768 sic
557 2714 703 2783 intellegas
722 2715 755 2769 di
774 2716 875 2768 melius
887 2715 1019 2784 feceruut
1038 2714 1101 2768 ‘the
1122 2714 1194 2783 gods
1213 2713 1304 2766 willed
1325 2713 1434 2766 better.¹

281 2787 332 2840 24.
350 2787 415 2846 Qui
428 2823 435 2838 .
447 2826 453 2838 .
467 2788 571 2840 noluit
588 2787 740 2853 Augustus.
852 2787 901 2838 25.
919 2789 1111 2849 ubicumque.
1121 2800 1298 2855 quacumque
1311 2782 1340 2836 in
1352 2792 1434 2852 parte

281 2864 426 2922 terrarum,
446 2855 506 2909 siue
526 2855 554 2908 in
574 2857 665 2910 Ponto
684 2855 744 2909 siue
763 2854 818 2909 alio
837 2872 893 2925 quo
912 2857 1072 2910 transferar.
1199 2857 1248 2908 26.
1267 2859 1434 2908 mansueto

280 2931 406 2990 pectore
419 2926 479 2979 Val.
496 2928 571 2980 Man
586 2925 622 2979 iii.
637 2927 660 2980 8.
675 2941 691 2979 2
705 2928 768 2980 Ext.
847 2929 895 2981 2⁷.
914 2929 1039 2980 Audiet.
1078 2928 1184 2979 Pontus
1203 2942 1249 2979 me
1266 2924 1361 2978 audiet
1380 2925 1432 2977 has

210 3011 213 3020 ¹
248 3051 250 3054 ,
280 3005 375 3064 grates
395 3005 526 3064 agentem
538 3016 545 3061 ;
569 2997 688 3050 fortasse
707 2995 793 3050 etiam
815 3000 899 3052 idem
917 2997 1061 3068 Augustus
1080 2995 1217 3050 mutando
1238 2997 1333 3048 locum
1357 2994 1432 3048 exilii

280 3069 375 3120 faciet
398 3072 436 3119 ut
463 3071 549 3120 terre
575 3071 706 3132 propior
731 3067 829 3121 Italiae
857 3069 1056 3121 testificanda
1083 3070 1125 3122 sit
1147 3069 1228 3120 mihi
1251 3067 1278 3119 h.
1302 3082 1326 3119 e.
1352 3064 1432 3119 testis

282 3135 443 3190 inuocanda
454 3136 526 3205 grati
539 3136 633 3190 animi.
749 3141 799 3192 28.
818 3142 948 3203 propior
959 3138 1043 3192 Trist.
1057 3137 1092 3192 iv.
1105 3151 1131 3203 4.
1146 3149 1176 3205 51
1195 3137 1302 3191 Mitius
1313 3136 1433 3189 exilium

276 3206 421 3276 pauloque
433 3209 627 3276 propinquius
639 3212 710 3278 opto,
724 3207 751 3263 ii.
765 3209 812 3276 185
828 3208 1016 3275 (constantin.
1032 3206 1190 3276 Fanensis).
1294 3209 1345 3260 89.
1365 3209 1433 3259 uio·

280 3281 365 3330 lente
375 3275 422 3345 qui
432 3277 501 3329 mihi
512 3287 571 3331 tam
580 3279 662 3332 foede
670 3279 810 3333 insultasti
822 3281 903 3333 Pont.
912 3279 945 3332 iv.
956 3293 981 3345 3.
990 3291 1033 3345 27.
1069 3282 1116 3333 30.
1131 3280 1285 3341 Qualibet
1294 3286 1432 3346 quantum

281 3345 350 3400 mihi
362 3349 477 3401 misero
489 3346 563 3402 licet.
599 3350 752 3418 Relegatus
769 3349 845 3404 enim
857 3365 914 3402 non
927 3348 985 3402 iam
997 3349 1116 3404 multum
1132 3358 1250 3418 poterat.
1293 3347 1435 3416 Qualicet

279 3418 412 3486 frequens
426 3435 469 3486 ap.
484 3417 619 3472 Ouidium
634 3421 701 3474 Her.
711 3419 745 3474 iv.
757 3435 774 3489 9
786 3421 850 3489 Qua
861 3420 926 3474 licet
936 3426 964 3473 ct
973 3422 1109 3488 sequitur,
1119 3421 1217 3490 pudor
1226 3424 1267 3472 est
1277 3418 1434 3472 miscendus

279 3490 375 3541 umori
384 3489 448 3542 Am.
461 3487 499 3543 iii.
513 3490 538 3544 8.
550 3501 579 3558 51
597 3491 661 3560 Qua
673 3492 743 3559 licet,
756 3492 867 3560 affectas
879 3491 986 3544 coelum
998 3508 1113 3560 quoque.
1145 3491 1227 3544 Pont.
1240 3489 1268 3543 ii.
1280 3503 1305 3556 4.
1319 3504 1354 3556 34
1368 3489 1433 3557 Quo

280 3560 344 3612 licet
355 3564 383 3612 et
394 3564 533 3627 quantum
546 3577 602 3613 non
615 3578 745 3615 onerosus
755 3579 809 3617 ero.
847 3564 973 3615 debitus
986 3563 1098 3631 qualem
1110 3578 1157 3614 me
1171 3561 1255 3614 debet
1270 3559 1321 3613 tibi
1339 3569 1387 3612 tua
1402 3559 1432 3612 in

280 3647 327 3684 me
340 3629 498 3684 crudelitas.
531 3630 615 3686 Trist.
626 3631 652 3685 ii.
667 3633 724 3687 160.
804 3635 849 3685 31.
870 3632 976 3685 Herod.
991 3631 1047 3686 viii.
1064 3645 1112 3698 143
1131 3635 1176 3684 νῦν
1188 3631 1216 3683 δὲ
1232 3631 1383 3700 ἀπάγγελλε
1395 3630 1431 3700 τῷ

281 3698 418 3772 Μαρδονίῳ
437 3701 471 3754 ὡς
487 3699 616 3768 Ἀθηναῖοι
634 3703 752 3772 λέγουσι,
770 3702 836 3756 ἔστ’
851 3701 885 3755 ἂν
903 3704 917 3754 ὁ
936 3703 1025 3770 ἥλιος
1042 3703 1096 3769 τὴν
1113 3701 1207 3768 αὐτὴν
1225 3701 1286 3754 ὁδὸν
1303 3699 1332 3767 ἴῃ
1351 3701 1432 3769 τῇπερ

281 3772 329 3824 καὶ
341 3774 393 3823 νῦν
406 3772 542 3840 ἔρχεται,
555 3771 672 3840 μήποτε
684 3771 895 3841 ὁμολογήσειν
907 3771 1000 3841 ἡμέας
1012 3773 1096 3842 Ξέρξῃ
1109 3781 1137 3826 et
1149 3787 1229 3840 v.,92.
1300 3774 1349 3824 35.
1367 3773 1432 3824 fra·

280 3847 370 3896 terno
386 3844 474 3895 fumo
491 3842 519 3894 in
537 3860 586 3896 ara
599 3843 723 3897 Eteoclis
741 3853 768 3897 et
787 3843 937 3912 Polynicis.
979 3843 1053 3912 Hyg.
1064 3843 1098 3897 68
1111 3843 1236 3896 Eteocles
1247 3847 1276 3896 et
1286 3842 1433 3911 Polynices

215 3931 217 3942 ’
278 3913 356 3965 inter
367 3929 395 3964 se
408 3915 571 3983 pugnantes
589 3915 665 3966 alius
682 3915 773 3967 alium
791 3914 997 3983 interfecerunt.
1034 3915 1092 3966 His
1104 3931 1167 3966 cum
1184 3915 1211 3966 T
1207 3913 1282 3967 lebe‘s
1294 3916 1432 3981 parentu-

278 3989 361 4036 retur
381 3983 567 4052 (parentatur
586 3983 736 4052 Niebuhr),
754 3987 808 4038 etsi
830 3991 932 4038 uentus
955 3983 1108 4038 uehemens.
1122 3989 1191 4037 esset
1213 3983 1264 4052 (est
1289 3983 1430 4052 Niebuhr)

278 4058 373 4107 tomen
387 4054 493 4122 fumus
513 4071 541 4106 se
561 4071 717 4124 numquam
737 4057 769 4109 in
790 4072 878 4108 unum
897 4059 1011 4125 purtem
1035 4056 1184 4122 conuertit,
1202 4055 1253 4108 sed
1273 4055 1350 4106 alius
1373 4053 1432 4106 alio

278 4125 429 4178 seducitur.
468 4124 566 4180 Luci.
581 4136 639 4193 552,
654 4127 724 4179 Stat.
738 4127 770 4179 T.
784 4124 831 4180 xii.
843 4139 975 4194 429-433,
988 4127 1094 4179 Auson.
1108 4125 1205 4194 Epigr.
1222 4139 1278 4192 139,
1297 4125 1383 4178 Anth.
1398 4125 1430 4179 P.

279 4193 324 4247 vii.
345 4209 418 4262 399..
443 4195 574 4249 Eandem
595 4196 720 4249 fabulam
741 4206 835 4250 narrat
855 4196 974 4251 Ouidius
995 4195 1079 4250 Trist.
1092 4215 1118 4250 v.
1136 4207 1157 4263 5.
1173 4196 1260 4263 33—38
1280 4195 1327 4248 ubi
1350 4193 1431 4248 addit

281 4264 486 4318 Callimachum
501 4265 531 4318 id
547 4283 729 4335 memorasse,
747 4267 807 4320 siue
825 4267 853 4320 in
873 4266 962 4334 Ibide,
976 4265 1036 4320 siue
1053 4266 1082 4319 in
1097 4265 1196 4334 Aetiis,
1210 4276 1240 4319 ut
1254 4264 1430 4319 Schneidero

279 4335 371 4402 placet
386 4335 495 4390 Callim.
509 4335 536 4390 ii.
549 4353 576 4404 p.
589 4337 650 4391 626.
721 4341 769 4392 36.
788 4341 898 4405 Quem,
917 4354 974 4390 non
992 4353 1086 4404 quam,
1100 4337 1251 4405 legendum
1270 4353 1333 4390 esse
1346 4334 1430 4390 docet

278 4403 420 4472 oppositio
430 4406 641 4462 sententiarum.
669 4409 769 4478 Iunget
781 4424 867 4462 noua
878 4411 1045 4462 eoncordia
1054 4408 1161 4460 fumum
1171 4423 1264 4471 quem
1276 4412 1369 4460 uetus
1381 4409 1431 4460 ira

279 4481 411 4537 separat.
442 4474 519 4529 ‘And
531 4494 593 4530 new
606 4489 768 4546 agreement
781 4478 880 4533 shalbe
893 4479 985 4545 made,
999 4478 1027 4530 in
1040 4479 1169 4532 brothers
1182 4477 1299 4532 smooke
1313 4476 1428 4544 againe:

278 4543 382 4597 Which
407 4555 481 4598 earst
506 4546 534 4598 in
556 4547 667 4616 blasing
691 4549 789 4604 flames
811 4549 844 4602 ol
864 4550 931 4617 tyre,
953 4549 1017 4603 olde
1041 4557 1142 4602 rancor
1163 4558 1225 4602 rent
1250 4547 1278 4600 in
1304 4548 1430 4615 twayne’
