3296 5210
645 435 873 498 EXCVRSVS.
1279 440 1337 498 173

181 589 224 646 rat
243 587 367 659 διαδοχὴν
378 587 511 653 βασιλέων
523 587 570 658 ἀφ’
583 590 661 645 αὑτοῦ
680 591 801 646 κατέλιπε
819 591 950 661 Πυρρίδας
967 589 1189 658 ἐπικαλουμένους.
1227 593 1339 662 Regum

177 659 264 730 Epiri
277 661 331 716 hoc
345 670 388 717 est
401 671 523 717 stemma
537 662 620 732 (Plut.
636 664 712 732 Pyrr.
729 664 751 731 I,
766 665 849 719 Paus.
863 663 880 719 i.
897 678 936 719 11.
954 678 975 732 1,
991 662 1027 717 iv.
1041 675 1083 732 35.
1096 661 1124 731 3)

645 765 796 906 Tharlybas

664 908 779 963 Alcetas

408 978 1019 1043 r-——ss--ss--r

315 1041 523 1148 Neoppplemus
961 1041 1073 1114 Arybas

213 1139 394 1260 Alexin-eff
427 1141 597 1249 ‘elyffnpias
647 1182 651 1188 ’
876 1174 1159 1237 Aeacides=Phrhia

223 1266 272 1305 rex
285 1250 364 1319 Eprrr
520 1248 524 1320 l
818 1255 1215 1322 f-——ss—-q

416 1320 578 1376 Alexander
591 1323 632 1377 M.
735 1322 858 1391 Pyrrhus
873 1325 913 1378 M.
1136 1323 1290 1378 Deidamia

1104 1392 1197 1463 (periit
1210 1397 1310 1449 morbo

453 1463 594 1519 Herakles
656 1463 1001 1536 Alexander=Olympias
1079 1465 1151 1521 Plut.
1166 1467 1278 1521 Demet.
1293 1464 1339 1536 3²)

731 1604 910 1660 Ptolemaeus

726 1674 850 1888 Pyrrh'irs
864 1745 919 1800 11*

738 1887 899 1946 Deidamia.

224 1984 373 2063 Olympias
385 2001 477 2048 mater
487 1983 640 2062 Alexandri
656 1993 760 2062 magni,
774 1993 839 2048 auia
853 1984 992 2048 Heraclis.
1030 1984 1167 2048 i-le'rac'les
1180 1983 1265 2062 igitur
1272 1996 1341 2065 pra-

187 2069 272 2136 mpas
290 2067 353 2118 Neo
375 2063 479 2130 tolemi,
494 2056 569 2146 regis
585 2063 775 2134 Epirotarum,
788 2081 873 2134 quem
891 2064 1024 2120 credibile
1037 2075 1080 2119 est
1094 2065 1230 2119 Ouidium
1246 2063 1341 2119 uerbis

188 2135 271 2190 dicti
291 2081 388 2188 mocio
410 2137 490 2204 regis
512 2136 558 2188 lnc
580 2134 764 2204 significasse.
803 2138 880 2189 Nam
900 2145 930 2189 ut
949 2152 1000 2205 per
1017 2135 1181 2204 Araillalen
1205 2135 1340 2190 intellexit

188 2206 328 2276 Pyrrhum
349 2207 495 2274 Magnum,
514 2215 544 2260 ut
565 2222 615 2275 per
633 2205 779 2275 Pyrrhum
800 2207 1029 2276 Neoptolemum,
1049 2205 1136 2260 tilium
1154 2205 1281 2274 Achillis,
1301 2205 1342 2259 sic

186 2294 240 2347 per
260 2276 402 2330 Aeaciden
428 2276 648 2358 Neoptolemum
672 2293 769 2344 regem
794 2276 971 2346 Epiroticum
995 2275 1086 2345 potuit
1111 2275 1254 2331 indicare:
1285 2293 1342 2346 quo

189 2346 337 2402 obscurius
350 2347 428 2414 fieret
441 2359 574 2416 aenigma
586 2345 739 2401 hominum.
770 2346 855 2416 Quod
867 2347 890 2400 si
904 2364 1002 2401 uerum
1016 2356 1067 2415 est,
1080 2356 1159 2416 nata
1171 2344 1342 2401 Aeacidae

187 2435 247 2472 non
270 2417 430 2487 Deidamia,
452 2417 503 2472 sed
524 2417 587 2488 ipsa
606 2417 835 2487 Olympias-fuit,
858 2435 944 2499 quam
965 2427 1049 2487 capta
1071 2416 1171 2486 Pydna
1192 2415 1342 2486 propinqui

190 2505 289 2544 eorum
310 2505 381 2558 quos
404 2487 582 2555 interiecerat
606 2487 724 2557 ingestis
749 2487 809 2542 siue
831 2489 901 2558 tehs¹
914 2487 982 2556 siue,
1001 2495 1031 2542 ut
1051 2487 1207 2542 Pausanias
1226 2487 1262 2541 ix.
1281 2499 1306 2552 7.
1326 2501 1342 2554 3

187 2558 284 2628 tradit,
304 2558 378 2612 saxis
398 2569 543 2613 necarunt.
581 2558 628 2613 Sic
647 2574 664 2612 a
684 2557 865 2628 Neoptolemi
888 2558 945 2612 filia
964 2557 1135 2627 Olympiade
1153 2556 1287 2612 transitur
1305 2556 1343 2610 ad

189 2630 273 2684 huius
286 2647 320 2685 ex
332 2621 493 2684 Alexandro
505 2636 639 2699 nepotem
650 2631 811 2698 Heraclem,
821 2628 865 2683 'cui
880 2625 1006 2698 Barsine,
1019 2637 1110 2683 mater
1123 2645 1182 2697 sua,
1192 2644 1344 2696 uenenum,

186 2702 311 2754 fortasse
324 2699 421 2768 inscia,
434 2700 584 2754 tradidisse
597 2699 719 2768 fingitur.

229 2770 313 2840 Quod
327 2771 464 2825 Heracles
479 2769 660 2840 Neoptolemi
679 2785 791 2839 nepos,
804 2787 861 2824 non
880 2785 1030 2839 pronepos,
1046 2767 1155 2838 dicitur,
1169 2777 1284 2839 propter
1302 2767 1344 2824 in·

192 2852 301 2896 cestum
320 2851 429 2895 mutata
441 2851 483 2896 est
499 2840 688 2897 necessitudo.
726 2843 802 2895 Nam
816 2849 880 2896 curn
895 2839 1075 2910 Neoptolemi
1089 2839 1162 2893 filius
1175 2838 1345 2907 Alexander,

134 2945 143 2956 .
188 2914 278 2967 irater
291 2911 477 2981 Olympiadis
488 2911 594 2966 sororis
611 2911 694 2966 h'uius
712 2904 798 2966 liliam
813 2913 992 2981 Cleopatram
1006 2909 1124 2978 duxerit,
1139 2911 1344 2980 Neoptolemus

193 2982 273 3054 quasi
292 2991 373 3052 pater
391 2983 468 3052 nepti
488 3000 564 3050 suae,
582 2999 647 3036 mox
665 2982 753 3037 etiam
771 2982 930 3052 nepotibus,
946 2981 975 3035 in
993 2980 1038 3034 his
1051 2982 1212 3034 Alexandro
1227 2982 1345 3048 Magno,

191 3054 306 3109 habitus
324 3062 385 3120 est;
406 3052 482 3107 unde
501 3054 646 3121 Heracles,
666 3050 738 3108 filius
755 3052 916 3120 Alexandri,
932 3063 960 3106 et
978 3068 1119 3122 pronepos
1138 3052 1190 3105 suit
1208 3060 1236 3106 et
1255 3067 1344 3120 nepos

189 3124 284 3196 potuit
301 3123 464 3178 existimari.
502 3124 586 3193 Quod
604 3123 626 3178 si
638 3123 689 3178 'cui
703 3123 858 3179 contortius
871 3122 1020 3191 uidebitur,
1033 3121 1136 3192 poterit
1152 3121 1192 3176 sic
1205 3121 1346 3190 explicare

194 3205 226 3321 pp
245 3195 397 3318 Heraficllem
416 3194 537 3318 Poidius
558 3193 663 3265 putarit
681 3194 834 3249 Alexandri
856 3193 931 3264 regis
950 3192 1097 3265 Epirotici,
1115 3210 1173 3247 non
1192 3191 1345 3247 Alexandri

230 3284 246 3321 a
287 3284 294 3319 1
347 3282 404 3318 rum
428 3283 510 3320 ursse.

231 3284 472 3392 zinT'aessalzdam
497 3336 573 3406 quod
596 3351 648 3405 pro
674 3335 882 3390 Cantharidum
906 3334 1044 3390 exhibent
1074 3332 1201 3388 nonnulli
1232 3332 1346 3390 codices

196 3407 286 3463 Ibidis
311 3406 443 3462 conuenit
469 3423 533 3461 cum
556 3405 716 3462 Scholiasta
739 3408 770 3462 Il.
793 3405 820 3460 ii.
840 3419 900 3474 744,
921 3423 1006 3476 quem
1032 3407 1162 3461 Potterus
1186 3404 1284 3460 laudat
1309 3403 1347 3460 ad

196 3481 261 3548 Lyc.
276 3479 327 3532 802
342 3475 442 3532 Αἴθικες
454 3478 527 3532 ἔθνος
540 3478 704 3544 Θετταλικὸν,
717 3477 897 3544 ὑπερκείμενον
908 3479 953 3543 τῆς
964 3473 1096 3545 Ἠπείρου.

232 3565 255 3618 3.
277 3550 385 3602 Mortes
405 3547 584 3618 Olympiadis
606 3556 634 3601 et
654 3546 784 3602 Heraclis
804 3547 905 3601 eodem
927 3545 1014 3600 modo
1034 3544 1177 3600 coniunxit
1199 3561 1255 3615 quo
1274 3546 1347 3615 Pau·

195 3620 291 3675 sanias
301 3619 336 3674 ix.
345 3631 369 3686 7.
379 3634 395 3672 2
405 3628 433 3673 et
445 3617 615 3688 Porphyrius
625 3619 726 3688 Tyrius
737 3618 765 3672 in
774 3617 878 3671 Euseb.
892 3617 996 3670 Chron.
1006 3632 1032 3685 p.
1042 3631 1093 3683 23²
1104 3618 1185 3670 Tom.
1196 3615 1214 3669 i.
1225 3615 1348 3683 schem,

192 3691 328 3762 Ἀριδαῖον
339 3690 385 3756 μὲν
398 3687 443 3742 οὖν
454 3688 597 3758 Ὀλυμπιὰς
609 3689 718 3744 ἔκτεινεν
730 3688 744 3756 ἡ
755 3687 837 3758 μήτηρ
845 3686 1028 3757 Ἀλεξάνδρου·
1046 3685 1124 3753 αὐτὴν
1136 3685 1164 3737 δὲ
1177 3688 1217 3738 καὶ
1229 3685 1289 3740 τοὺς
1301 3683 1348 3738 δύο

196 3763 289 3818 παῖδας
300 3759 475 3829 Ἀλεξάνδρου
487 3759 640 3827 Κάσανδρος
657 3757 854 3828 ὁἈντιπάτρου
870 3757 975 3827 ἀναιρεῖ,
991 3757 1036 3811 τὸν
1054 3756 1101 3825 μέν
1118 3755 1195 3810 αὐτὸς
1207 3753 1348 3825 φονεύσας,

105 3864 108 3874 v
196 3834 241 3888 τὸν
254 3830 276 3886 δ’
289 3831 317 3884 ἔκ
330 3831 457 3899 Βαρσίνης
469 3828 694 3900 Πολυσπέρχοντα
705 3830 805 3884 πείσας.

233 3918 257 3970 4.
279 3904 313 3956 ln
326 3912 443 3972 utraque
453 3911 543 3956 morte
553 3899 722 3970 praecipuae
731 3909 826 3970 partes
835 3895 1062 3968 Polyspercontis
1070 3895 1190 3964 fuerunt,
1198 3895 1222 3950 si
1233 3893 1348 3965 quidem

199 3971 436 4043 teste'Polyaeno
455 3971 491 4026 iv.
513 3987 541 4025 11
565 3970 713 4040 Olympias
736 3970 836 4040 Pydna
857 3969 931 4023 exire
953 3977 1056 4022 conata
1078 3976 1120 4021 est
1143 3965 1198 4020 fide
1220 3965 1349 4034 signatae

192 4044 282 4100 ·anulo
297 4042 523 4113 Polyspercontis
537 4041 674 4112 epistulae
687 4058 773 4111 quam
785 4041 862 4111 prius
877 4037 1038 4094 Cassander
1050 4037 1236 4106 interceperat
1249 4054 1255 4102 ;
1273 4037 1349 4092 unde

198 4115 250 4185 spe
271 4112 392 4168 triremis
415 4113 535 4182 decepta
555 4129 611 4182 qua
632 4121 718 4166 noctu
740 4110 889 4166 auehenda
910 4109 1017 4176 suisset,
1037 4125 1054 4162 a
1075 4109 1295 4176 Polysperconte
1317 4125 1349 4162 se

194 4186 328 4240 ·delusam
340 4183 460 4241 credidit
473 4201 506 4238 ac
521 4182 650 4252 Pydnam
664 4182 826 4237 Cassandro
838 4179 962 4236 tradidit.
995 4179 1079 4247 Quod
1092 4194 1168 4233 mors
1181 4177 1269 4247 ipsius
1283 4194 1350 4232 con·
1413 4235 1416 4241 ,

199 4265 297 4312 secuta
309 4265 361 4310 est.
642 4290 644 4293 -

238 4339 259 4400 5.
279 4326 375 4382 Verba
385 4326 460 4379 Non
472 4321 551 4381 licet
564 4325 626 4378 hoc
640 4323 753 4379 Cereri
766 4321 978 4377 dissimulare
991 4334 1121 4374 sacrum
1136 4318 1205 4376 satis
1217 4319 1291 4374 bene
1304 4336 1349 4374 ex·

208 4555 211 4564 ,
233 4499 248 4534 *
265 4497 333 4562 Hunc
344 4495 458 4560 Pyrrhum
470 4495 595 4544 Ptolemaei
607 4495 709 4552 fratrem,
720 4509 766 4542 non
783 4493 863 4545 filium.
875 4491 931 4538 facit
943 4490 1042 4538 lustinus
1053 4488 1132 4537 xxviii.
1145 4500 1168 4550 3,
1181 4495 1204 4538 et
1216 4488 1320 4547 Ouidius,
1331 4490 1351 4538 si

202 4564 274 4611 modo
285 4563 323 4611 hic
334 4563 433 4626 Pyrrhus
445 4570 479 4610 est
491 4571 557 4626 nepos
568 4561 624 4611 diali
635 4569 713 4609 nostro
724 4559 791 4609 mado
802 4559 904 4606 carmine
916 4555 986 4620 regis.
