3294 5214
603 463 937 526 PROLEGOMENA.
1299 461 1350 524 rvr
1382 533 1385 538 ,

193 618 296 678 omnia
320 635 410 696 quam
433 615 658 695 relligiosissime
679 615 827 696 descripsi,
852 617 986 696 quamuis
1008 618 1083 678 adeo
1104 616 1223 678 minutis
1246 617 1346 678 litteris

194 709 312 760 exarata
332 709 430 759 essent
452 709 485 759 ut
509 700 564 760 nisi
589 700 745 760 adiuuante
770 701 845 760 ultro
869 701 927 778 legi
948 719 1010 760 non
1030 709 1160 778 possent.
1203 699 1284 760 Tum
1308 718 1345 760 ex

194 781 297 841 codice
311 780 590 858 Phillippicoquo,
605 782 655 859 qui
676 799 750 841 saec.
765 782 814 842 xiii
835 782 882 842 uel
900 782 947 840 xiv
964 782 1085 860 scriptus
1102 790 1154 854 est,
1169 780 1346 842 scholiorum

193 864 353 922 maximam
370 872 482 939 partem
503 862 652 940 desumpsi
662 881 671 935 3
693 863 841 936 nonnulla,
864 863 917 924 sed
937 865 1060 941 parcius,
1081 882 1118 922 ex
1134 861 1344 922 Holkhamieo.

195 943 282 1017 Quae
303 943 461 1003 Merkelius
482 943 573 1004 edidit
595 962 632 1004 ex
653 942 831 1017 Askeuiano,
853 944 958 1004 eadem
981 945 1012 1003 in
1035 945 1138 1005 codice
1160 945 1200 1004 66
1221 943 1345 1022 Collegii

195 1026 337 1102 Corporis
360 1023 469 1084 Christi
490 1025 569 1102 apud
591 1041 647 1085 nos
671 1034 795 1099 extant;
824 1025 903 1086 unde
928 1025 1039 1086 collatis
1066 1027 1193 1103 utrisque
1218 1026 1346 1103 speciem

195 1117 317 1168 conatus
331 1124 397 1166 sum
410 1106 604 1184 redintegrare
618 1107 735 1184 qualem
749 1108 906 1184 antiquitus
921 1106 1011 1168 fuisse
1025 1107 1160 1168 credibile
1174 1116 1227 1168 est.
1258 1107 1347 1168 Aliud

195 1188 355 1248 subsidium
376 1187 467 1247 adfuit
487 1188 557 1246 mihi
572 1187 777 1265 Repertorium
792 1187 1013 1249 Vocabulorum
1029 1188 1158 1249 Conradi
1180 1187 1218 1249 de
1239 1187 1345 1262 Mure,

194 1286 255 1346 quo
270 1269 341 1328 nihil
355 1267 444 1329 habui
457 1270 554 1330 utilius
568 1270 630 1329 siue
646 1270 677 1329 in
691 1271 820 1330 carmine
837 1269 1080 1348 recognoscendo
1098 1272 1159 1330 siue
1174 1271 1206 1328 in
1219 1270 1348 1330 scholiis.

194 1350 303 1428 Neque
321 1349 366 1410 his
384 1361 540 1412 contentus
558 1369 596 1410 ex
613 1349 754 1410 Italorum
772 1352 995 1424 commentariis,
1016 1352 1116 1429 quales
1136 1369 1212 1412 saec.
1230 1369 1268 1410 xv
1285 1369 1346 1410 non

194 1433 280 1510 pauci
307 1432 338 1491 in
368 1433 551 1492 bibliothecis
578 1433 766 1510 reperiuntur,
794 1433 891 1510 aliqua
917 1434 948 1492 in
980 1434 1082 1494 itinere
1109 1433 1241 1511 excerpsi
1270 1451 1347 1510 quae

194 1514 327 1574 obscuris
343 1513 440 1575 lucem
454 1513 584 1574 adlatura
600 1514 765 1575 uiderentur
774 1532 784 1588 3
811 1514 965 1593 praecipue
985 1533 1022 1575 ex
1037 1515 1178 1576 Patauino
1196 1514 1299 1575 codice
1317 1523 1349 1576 et

195 1605 331 1673 quattuor
344 1595 503 1656 Vaticanis.

237 1677 355 1737 Horum
371 1677 422 1754 qui
435 1678 514 1753 prior
527 1686 571 1738 est
585 1685 679 1737 aetate
694 1675 732 1750 G,
747 1677 858 1738 scholia
874 1676 1046 1755 plerumque
1061 1677 1177 1738 breuius
1191 1677 1349 1756 ueriusque

195 1759 314 1818 exhibet
334 1759 446 1832 ceteris,
466 1759 521 1818 nisi
542 1759 622 1837 quod
643 1757 788 1818 interdum
810 1759 847 1819 ad
868 1760 1019 1818 ueritatem
1040 1760 1159 1837 propius
1177 1759 1201 1817 P
1216 1769 1246 1818 et
1260 1758 1349 1822 Mure

195 1839 353 1906 accedunt.
376 1839 455 1900 Nam
470 1839 563 1912 Mure,
579 1859 758 1918 quamquam
773 1840 978 1918 Repertorium
993 1859 1079 1901 suum
1093 1860 1173 1901 anno
1188 1855 1263 1917 1273
1279 1859 1347 1918 per·

196 1921 271 1992 fecit,
293 1922 442 1982 codicibus
469 1921 592 1982 uidetur·
609 1940 681 1982 usus
708 1922 855 1999 perbonis,
877 1922 999 1982 fortasse
1026 1924 1115 1982 etiam
1136 1924 1347 2000 antiquioribus

193 2021 284 2080 quam
297 2021 375 2062 nunc
391 2003 505 2063 utimur.
548 2003 672 2063 Constat
689 2015 768 2064 certe
785 2022 931 2082 nusquam
949 2005 1119 2064 sinceriores
1140 2005 1258 2065 codices
1272 2005 1343 2064 exti-

196 2089 265 2161 tisse
280 2103 369 2162 quam
382 2084 461 2161 apud
476 2084 638 2156 Heluetios,
653 2085 746 2162 qualis
760 2084 807 2146 hic
822 2086 977 2146 Conradus
991 2087 1028 2146 de
1043 2086 1129 2146 Mure
1144 2087 1209 2158 fuit;
1232 2104 1301 2145 nam
1316 2086 1346 2144 in

196 2167 290 2244 prima
303 2167 411 2243 pagina
421 2167 584 2245 Repertorii
593 2168 763 2227 doctsistinus
772 2168 919 2228 literarum
929 2176 1039 2227 amator
1049 2170 1182 2245 magtiter
1194 2167 1347 2228 Corradus

200 2247 360 2307 Turtcensti
372 2250 497 2307 ecclesiae
513 2249 622 2309 Cantor
638 2248 749 2308 dicitur.
791 2249 864 2310 Aliis
886 2251 917 2308 in
935 2250 1008 2309 locis
1022 2249 1046 2307 P
1060 2267 1130 2308 uera
1148 2260 1198 2308 aut
1216 2250 1295 2308 solus
1309 2267 1349 2310 ex

197 2329 304 2391 nostris
315 2331 447 2400 seruauit,
457 2340 489 2390 ut
502 2345 569 2405 259,
580 2344 649 2406 379,
658 2339 707 2389 aut
718 2330 837 2408 optime,
847 2341 878 2390 ut
890 2331 926 2390 de
936 2331 1077 2390 Leucone
1089 2349 1157 2406 310,
1169 2330 1206 2390 de
1216 2330 1347 2390 Atarnite

198 2411 321 2470 Hermia
332 2429 400 2487 319,
415 2411 452 2470 de
467 2411 569 2472 Seruio
583 2422 612 2472 et
623 2411 720 2470 Tullia
730 2415 799 2487 364,
811 2413 848 2473 de
862 2413 964 2489 legatis
976 2413 1017 2490 vah
1026 2411 1192 2471 Hannibale
1208 2412 1347 2472 coniectis

196 2493 228 2552 in
249 2502 369 2570 puteum
392 2496 460 2568 389,
482 2493 518 2552 de
537 2492 690 2553 Procruste
712 2493 772 2552 filio
792 2493 1002 2572 Polypemonis
1022 2506 1091 2568 407,
1110 2493 1147 2553 de
1168 2491 1349 2552 Menedemo

198 2589 267 2649 451,
279 2589 338 2650 459
350 2575 400 2634 ubi
414 2592 525 2634 nomen
536 2573 745 2651 Htppukekores
758 2575 788 2633 in
802 2576 859 2634 hoc
873 2594 933 2635 uno
948 2583 1036 2646 extat,
1048 2577 1085 2646 46
1090 2594 1106 2650 3
1122 2575 1159 2634 de
1174 2574 1347 2633 Abantiade.

197 2655 243 2728 Et,
265 2657 346 2732 quod
367 2656 486 2729 mireris,
509 2675 655 2734 nusquam
675 2657 706 2714 in
723 2655 747 2713 P
767 2657 894 2734 reperias
915 2658 999 2716 fictos
1020 2674 1122 2716 uersus
1144 2655 1220 2716 Galli
1239 2655 1349 2714 Tibulli

197 2737 341 2814 Propertii
362 2748 417 2797 etc.
439 2739 489 2814 qui
511 2738 542 2797 ln
560 2739 664 2798 ceteris
687 2738 825 2798 omnibus
848 2739 1006 2810 codicibus,
1028 2738 1078 2797 ubi
1099 2739 1211 2814 integra
1236 2736 1348 2796 scholia

198 2828 312 2878 seruata
333 2830 408 2890 sunt,
429 2829 530 2879 extant
554 2837 617 2878 non
637 2820 732 2898 pauci,
753 2820 825 2880 olim
850 2829 948 2880 autem
968 2838 1006 2879 ne
1027 2839 1045 2880 a
1065 2819 1207 2879 Bemensi
1228 2818 1348 2896 quidem

198 2899 326 2960 aberant.
1115 2905 1124 2920 '

239 2981 318 3040 Nam
332 2991 400 3041 ante
414 2999 509 3044 annos
523 2981 715 3059 quadraginta
732 2983 847 3044 extabat
866 2982 962 3043 adhuc
976 2983 1006 3042 in
1020 2983 1195 3044 bibliotheca
1208 2981 1349 3042 Bemensi

198 3062 292 3124 codex
315 3065 556 3123 membranaceus
577 3082 653 3124 saec.
674 3065 704 3128 xi
725 3064 837 3142 integra
860 3065 977 3125 Scholia
997 3065 1152 3133 continens
1174 3081 1268 3140 usque
1287 3082 1348 3123 au.

201 3158 258 3220 175
280 3142 419 3221 scyphus
442 3147 571 3204 estillic.
613 3145 711 3204 Huius
736 3147 929 3223 apographon
953 3146 1060 3206 lecerat
1082 3145 1122 3205 H.
1144 3145 1264 3204 Keilius
1281 3155 1349 3204 ante

198 3243 309 3285 annum
335 3229 421 3302 1854,
443 3227 523 3287 unde
547 3227 689 3287 nonnulla
712 3225 865 3304 descripsit
890 3228 1048 3288 Merkelius
1073 3229 1104 3286 in
1126 3227 1172 3287 ed.
1197 3227 1347 3304 Apollonii

199 3307 308 3368 Rhodii
325 3326 401 3385 quae
421 3327 457 3368 eo
479 3327 559 3368 anno
576 3309 690 3386 prodiit.
733 3309 818 3370 Haec
839 3319 868 3368 et
889 3311 988 3370 breuia
1010 3310 1155 3388 quaedam
1176 3326 1252 3384 quae
1271 3309 1349 3368 idem

199 3388 358 3449 Merkelius
369 3407 427 3449 ase
438 3400 553 3450 enotata
568 3389 667 3450 adme
681 3393 767 3464 misit,
779 3392 847 3451 satis
858 3390 1059 3452 demonstrant
1073 3391 1208 3450 codicem
1218 3407 1236 3447 a
1247 3390 1349 3449 ceteris

199 3489 261 3530 non
283 3471 373 3548 longe
396 3471 597 3549 discrepasse:
626 3473 690 3549 ipse
713 3473 816 3545 codex,
838 3482 910 3533 teste
936 3473 1065 3548 Hageno
1086 3474 1118 3532 in
1139 3470 1230 3531 Catal.
1253 3470 1349 3531 Codd.

199 3552 285 3612 Bern.
300 3570 329 3629 p.
345 3566 414 3627 512,
428 3553 517 3614 hodie
535 3552 701 3631 deperditus
717 3554 804 3627 latet;
830 3573 885 3614 nec
900 3565 1030 3631 superest
1044 3554 1132 3613 Keilii
1146 3552 1348 3630 apographon.

164 3664 167 3670 ·
198 3633 300 3693 Vnum
315 3644 413 3694 tamen
427 3644 547 3694 testatus
562 3645 605 3694 est
619 3653 656 3694 ex
670 3636 812 3697 memoria
826 3635 993 3708 Merkelius,
1006 3635 1219 3714 Callimachum
1233 3635 1349 3711 saepius

200 3715 240 3775 ibl
254 3716 372 3776 citatum
386 3717 475 3776 luisse
489 3734 579 3794 quam
592 3718 623 3775 in
636 3717 816 3780 Askeuiano

240 3797 290 3856 Ad
310 3816 338 3857 u.
362 3817 420 3874 319
443 3797 505 3857 Aut
523 3805 557 3858 ut
574 3799 729 3871 Atarnites,
751 3799 803 3858 ubi
825 3807 919 3857 totum
942 3797 1076 3857 scholion
1101 3816 1138 3856 ex
1160 3795 1247 3855 Bern.
1270 3804 1350 3858 extat

200 3878 386 3956 descriptum,
401 3879 496 3939 isdem
509 3880 568 3940 fere
582 3881 678 3941 uerbis
698 3890 873 3958 conceptum
887 3889 932 3939 est
950 3879 1055 3957 quihus
1073 3878 1302 3954 Saluagnianum
1321 3886 1350 3936 et

200 3961 246 4020 ed.
263 3960 352 4020 Paris.
372 3976 458 4037 1573,
477 3961 530 4021 sed
550 3961 656 4022 additis
676 3973 708 4022 ut
728 3963 759 4021 in
779 3963 825 4020 ed.
845 3961 908 4020 Par.
931 3961 1125 4037 suppositiciis
1146 3960 1278 4018 uersibus
1300 3959 1350 4036 qui

200 4043 306 4102 absunt
320 4061 338 4101 a
354 4042 489 4119 Saluagn.
516 4043 638 4104 'Rursus
653 4045 691 4104 ad
707 4063 765 4120 329
781 4043 844 4102 Aut
856 4050 889 4101 ut
899 4043 1089 4102 Amastriacis
1105 4040 1243 4102 conuenit
1257 4040 1350 4100 schol.

200 4124 287 4182 Bem.
304 4124 500 4201 Saluagniano
517 4135 546 4185 et
563 4125 608 4184 ed.
624 4125 721 4198 Paris,
738 4141 839 4185 uersus
853 4124 1022 4183 Fanoxszizo
1038 4124 1143 4184 tribuit.
1186 4122 1298 4182 Rursus
1319 4123 1351 4182 in

202 4223 258 4280 331
272 4223 340 4264 cum
353 4205 551 4282 Saluagniano
565 4216 594 4266 et
607 4207 651 4266 ed
664 4208 754 4267 Paris.
779 4206 989 4267 Callimachum
1000 4206 1068 4266 facit
1078 4215 1227 4265 auctorem
1237 4204 1351 4264 fabulae

201 4286 462 4364 deEurydamante
472 4287 626 4348 Thessalo.
648 4289 784 4366 Denique
793 4289 831 4348 ad
842 4302 899 4366 379
909 4289 1043 4348 uidentur
1052 4288 1124 4346 olim
1132 4286 1236 4346 eadem
1245 4288 1352 4362 scripta

202 4368 290 4429 fuisse
306 4371 338 4427 in
353 4368 530 4447 Bern‘quae
550 4389 629 4430 nunc
650 4370 786 4447 leguntur
806 4389 869 4430 non
890 4370 986 4430 solum
1007 4370 1037 4428 in
1058 4370 1135 4430 Salu.
1152 4379 1180 4428 et
1202 4369 1246 4428 ed.
1261 4369 1350 4427 Paris.

201 4449 357 4522 sedetiam
377 4451 407 4509 in
421 4450 454 4510 P.
491 4451 550 4512 Sed
571 4461 601 4512 et
621 4452 658 4512 ad
675 4455 742 4524 281,
760 4456 825 4525 284,
844 4455 911 4526 285,
927 4471 983 4525 322
1004 4451 1042 4511 ad
1057 4451 1134 4511 Salu.
1149 4451 1283 4528 proxime
1303 4469 1351 4508 ac-

201 4533 326 4596 cessisse,
343 4531 487 4610 colligitur
507 4551 543 4600 ex
558 4533 727 4611 fragmentis
742 4552 817 4612 quae
836 4535 965 4614 enotauit
980 4532 1146 4596 Merkelius.
1188 4533 1299 4594 Contra
1313 4531 1352 4592 ad
