3296 5210
303 459 361 516 roo
391 443 395 454 '
705 451 1053 516 coMttENTAmvs

300 613 358 668 0d.
370 611 423 668 xix.
438 611 491 682 386
507 609 587 683 γρηῢς
603 610 632 665 δέ
647 609 740 682 λέβγθ
754 611 800 668 ἕλε
814 613 1015 684 παμφανόωντα.
1045 614 1098 666 Τοῦ
1113 609 1196 668 πόδας
1213 608 1368 679 ἐξαπένιζεν,
1386 607 1462 681 ὕδωρ

301 683 325 738 δ’
334 681 473 772 ρ’νεχεόατο
490 683 576 739 πουλὺ
591 685 707 753 Ψυχρόν,
724 684 811 739 ἔπειτα
828 683 856 737 δέ
869 685 963 772 θερμδγ
974 681 1119 753 ἐπήφυσεν·
1137 683 1218 754 οιίτέιρ
1229 681 1377 738 Ὀδυσσεὺς
1388 677 1458 748 Ἷζεν

300 755 334 809 ἐπ
360 755 447 826 έσχαρ
487 775 520 822 ιν,
541 755 612 808 ποτλ
630 753 662 807 δέ
684 755 799 808 σκότον
818 754 952 824 έτράπετ
977 749 1065 824 niqra.
1099 754 1194 808 Αὐτίκα
1214 755 1264 824 γὰρ
1289 754 1353 807 κατὰ
1374 752 1459 820 θυμὸν

300 821 403 893 ὀίσατο,
415 825 450 894 μή
487 826 609 886 λαβοῦσα
622 824 709 892 Οόλὴν
720 825 909 894 ἀμφράσσαιτο
920 826 961 879 καί
973 822 1081 894 ἀμφαδὰ
1092 825 1157 896 ἔργα
1173 824 1283 894 γένοιτο.
1328 840 1349 878 ο.
1360 826 1458 878 caede

301 899 453 952 latentem
466 894 562 950 durius
575 895 682 950 dictum
696 894 732 950 de
744 911 779 950 eo
792 893 839 965 qui
853 911 885 949 se
901 895 1025 950 occultat
1041 911 1078 950 ne
1097 896 1233 965 prodatur
1250 894 1354 949 caedes
1367 911 1457 1018 quam

301 976 393 1036 parat.
430 969 476 1021 An
497 983 533 1021 ex
553 966 691 1020 memoria
712 965 781 1020 dixit
799 967 905 1035 poeta?
929 975 959 1020 ut
980 975 1092 1035 putaret
1110 966 1242 1035 Vlyssem
1260 967 1350 1020 lotum
1379 965 1458 1019 uisse

297 1041 452 1118 postquam
464 1036 654 1092 Melanthium
663 1045 803 1091 necasset.
832 1038 909 1090 Nam
919 1046 947 1090 et
961 1035 989 1090 in
1002 1054 1037 1091 eo
1047 1036 1123 1107 quod
1133 1053 1235 1106 parens
1245 1037 1387 1104 Vlyssem,
1397 1051 1457 1089 non

301 1117 395 1162 nutrix
407 1108 492 1176 lauat,
506 1107 576 1163 alios
589 1117 703 1162 secutus
716 1117 767 1175 est,
781 1123 838 1160 non
853 1109 1019 1162 Homerum
1118 1109 1188 1161 624.
1207 1110 1359 1161 Prodidit.
1398 1105 1458 1160 Od.

302 1177 356 1232 xix.
369 1190 422 1246 473
434 1175 570 1248 ’Λψαμίνη
589 1178 618 1231 δέ
636 1179 733 1249 γενείου
749 1176 886 1245 Ὀδυσσῆα
903 1177 1065 1247 προσέειπεν.
1088 1173 1126 1230 Ἠ
1144 1174 1205 1246 μόλ’
1221 1173 1372 1232 ὈδυσσεύςΙ
1382 1176 1457 1242 ἐσσι,

301 1249 384 1316 φίλον
396 1247 478 1303 τέκος·
500 1247 560 1302 οὐδέ
576 1247 605 1303 σ’
618 1248 699 1319 ἐγωγι
718 1249 785 1316 Πρὶν
796 1247 877 1318 ἔγνων
894 1250 954 1318 πρὶν
970 1249 1054 1303 πάντα
1071 1247 1158 1301 ἄνακτ’
1174 1247 1236 1317 ἐμόν
1251 1246 1456 1317 ἀμφαφάασθαι.

304 1319 386 1388 Quae
404 1318 493 1374 uerba
510 1327 540 1373 ut
557 1320 652 1373 locuta
670 1328 722 1387 est,
737 1319 898 1388 Penelopen
915 1317 1028 1373 intuens
1045 1317 1103 1372 iam
1119 1318 1178 1372 iam
1190 1317 1383 1388 significatura
1394 1327 1457 1372 erat

302 1389 422 1445 rediisse
441 1390 581 1458 Vlyssem‚
600 1389 654 1444 nisi
674 1389 698 1444 is
717 1389 816 1444 dextra
834 1405 866 1443 os
885 1389 1001 1443 nutricis
1023 1388 1197 1458 occlusisset,
1217 1389 1261 1442 his
1279 1385 1385 1443 additis
1403 1389 1456 1454 482

303 1463 385 1526 Μαῖα,
403 1459 451 1528 τίη
472 1461 499 1529 μ’
516 1459 637 1515 ἐθέλεις
654 1459 781 1526 ὀλέσαι;
835 1461 937 1514 officio
956 1476 1027 1530 ope„
1038 1469 1068 1514 ut
1092 1461 1131 1513 M.
1151 1459 1197 1534 xii.
1217 1473 1248 1528 91
1269 1460 1463 1512 remorabitur

302 1548 385 1585 omne
412 1531 556 1600 Tegminis
580 1532 707 1601 officium,
731 1536 827 1584 tamen
850 1531 1031 1585 indestrictus
1054 1530 1139 1585 abiba
1219 1545 1343 1598 parens,
1369 1529 1460 1583 immo

303 1601 406 1670 nutrix,
421 1601 475 1656 Od
489 1601 542 1656 xix.
557 1613 617 1670 354,
631 1618 703 1671 quae
716 1601 792 1670 apud
807 1602 965 1655 Homerum
978 1601 1119 1669 Euryclea
1131 1598 1209 1655 audit
1223 1613 1283 1670 357.
1310 1598 1398 1670 Atqui
1411 1617 1458 1670 ap.

306 1672 366 1728 Cic.
386 1675 469 1726 Tusc
490 1671 573 1753 Disp.
592 1690 616 1726 v.
640 1671 679 1726 16.
702 1671 737 1738 46
760 1670 891 1726 Anticlea
912 1671 986 1725 Vlixi
1008 1671 1096 1742 pedes
1120 1671 1242 1725 abluens
1260 1670 1403 1725 inducitur
1423 1689 1460 1725 ex

304 1743 417 1813 Niptris
433 1741 557 1797 Pacuuii.
601 1744 700 1812 ltaque
720 1740 781 1796 siue
800 1741 955 1796 Pacuuium
974 1741 1034 1796 siue
1054 1741 1222 1796 Ciceronem
1240 1759 1349 1796 errasse
1367 1741 1461 1796 credi·

305 1813 390 1882 deris,
409 1813 497 1868 habes
520 1829 570 1866 cur
585 1817 693 1884 parens
713 1814 785 1867 haec
804 1812 833 1866 in
858 1812 947 1866 Ibidis
968 1829 1052 1866 uersu
1073 1821 1176 1866 uocata
1196 1810 1233 1866 sit
1244 1829 1254 1866 :1
1277 1829 1345 1866 nam
1366 1822 1462 1866 mater

304 1882 417 1953 Vlyssis
440 1883 581 1938 Anticlea.
676 1886 746 1937 626.
775 1886 912 1951 αυιίίὶία,
931 1882 966 1936 iis
987 1882 1035 1953 qui
1060 1881 1111 1936 tibi
1136 1881 1266 1952 opitulari
1292 1883 1460 1937 debuerant.

304 1957 375 2021 627,
386 1957 415 2008 6.
436 1957 547 2015 Qualis
563 1971 628 2009 nox
643 1960 715 2009 nota
730 1959 779 2008 est
790 1957 910 2019 Phrygi
921 1957 1034 2008 timido
1047 1953 1153 2007 Doloni
1165 1969 1263 2018 equos
1274 1959 1367 2018 paeto
1379 1969 1462 2017 quos

304 2027 357 2080 ta.
370 2027 512 2078 Aobilles
524 2034 676 2095 postquam
688 2035 788 2094 pactus
801 2035 876 2079 esset
889 2040 953 2078 cum
968 2025 1093 2078 Hectore
1105 2033 1135 2078 ut
1147 2024 1185 2078 ab
1195 2040 1230 2079 eo
1242 2041 1330 2094 equos
1339 2023 1461 2078 Achillis

306 2093 457 2164 acciperet,
470 2094 493 2148 si
506 2101 541 2150 ex
554 2096 727 2150 Graecorum
740 2094 840 2150 castris
853 2105 961 2149 certum
973 2093 1103 2148 nuntium
1115 2103 1287 2164 reportasset
1300 2111 1349 2148 eos
1362 2095 1461 2164 lugam

306 2165 437 2220 meditari
464 2165 509 2234 (ll.
528 2184 552 2220 x.
573 2180 632 2235 309,
653 2165 797 2234 321-323)‚
818 2182 882 2220 nox
905 2169 967 2221 tibi
986 2169 1061 2220 talis
1082 2170 1141 2234 eat,
1163 2165 1218 2219 hoc
1239 2165 1325 2219 modo
1350 2175 1459 2234 agatur.

307 2237 413 2304 Dolon,
423 2235 572 2305 Troianus,
585 2236 723 2290 Eumedis
736 2233 872 2304 filiuS,‘or
884 2236 915 2305 δή
924 2257 965 2290 τοι
973 2231 1041 2291 εἶδος
1052 2236 1099 2304 μὲν
1108 2237 1151 2304 ἔην
1161 2237 1244 2302 κακός,
1253 2235 1322 2288 ἀλλὰ
1331 2236 1461 2303 ποδώκης,

306 2316 394 2361 noctu
412 2323 543 2376 egressus
568 2323 602 2360 ex
628 2307 687 2362 suis
706 2307 742 2361 ab
762 2309 864 2375 Vlysse
882 2317 910 2362 et
930 2307 1073 2360 Diomede
1090 2305 1262 2376 nequiquam
1280 2305 1393 2375 fugiens
1412 2306 1463 2361 de-

307 2377 493 2447 prehenditur
507 2376 551 2446 (11.
565 2396 590 2431 x.
604 2392 656 2445 322
670 2375 751 2447 sqq).
789 2379 928 2432 Orantem
939 2395 975 2432 ne
993 2387 1090 2447 pereat
1105 2377 1279 2446 interrogant
1292 2377 1327 2431 de
1341 2376 1463 2431 Troian-

309 2465 391 2502 orum
411 2450 532 2517 lortuna,
551 2458 579 2502 et
598 2464 682 2517 quem
701 2447 820 2530 quisque
839 2448 967 2503 ordinem
986 2457 1100 2515 teneat;
1124 2458 1185 2502 tum
1210 2447 1362 2517 compertis
1388 2464 1463 2518 quae

309 2518 349 2573 ibi
362 2519 527 2588 agebantur,
541 2517 697 2574 Diomedes
710 2518 848 2584 interficit.
939 2522 1008 2576 627.
1025 2535 1122 2583 equos
1135 2524 1237 2583 paeto.
1270 2519 1302 2572 Il.
1315 2537 1340 2574 x.
1355 2532 1404 2587 321
1421 2518 1463 2571 καί

309 2611 354 2659 μοι
367 2589 487 2658 ὄμοσσον
499 2586 537 2642 Ἢ
557 2591 604 2658 μέν
621 2590 682 2644 τοὺς
700 2587 794 2645 ἵππους
812 2611 840 2644 τε
860 2589 901 2642 καὶ
922 2589 1023 2661 ἅρματα
1043 2590 1150 2643 ποικίλα
1168 2589 1259 2660 χαλκῷ
1279 2590 1413 2657 Δωσέμεν,
1437 2587 1463 2642 οἳ

309 2660 456 2730 φορέουσιν
467 2658 584 2730 ἀμύμονα
595 2657 739 2729 Πηλείωνα.
810 2663 882 2715 628.
901 2663 1020 2715 timido.
1054 2661 1087 2713 Il.
1100 2678 1124 2714 x.
1139 2672 1192 2728 374
1204 2661 1218 2713 ὁ
1231 2659 1254 2712 δ’
1265 2660 1307 2729 ἀρ’
1318 2660 1382 2728 ἔστη
1401 2660 1463 2730 τείρ-

309 2729 395 2797 βγσέν
406 2752 434 2785 τε
446 2731 606 2800 Βαμβαίνων,
620 2731 718 2800 ἀραβος
730 2729 758 2784 δέ
771 2730 815 2784 διά
827 2732 912 2799 στόμα
924 2732 1020 2801 γίγνετ’
1031 2730 1151 2799 ὀδόντων,
1167 2731 1276 2800 Χλωράς
1289 2730 1352 2784 ὑπαὶ
1368 2730 1462 2786 δείους.

309 2803 382 2856 629.
400 2804 525 2856 Rhesus
537 2801 573 2856 de
589 2818 645 2871 quo
664 2801 759 2856 Dolon
775 2801 962 2870 interrogatus
979 2802 1016 2855 ab
1028 2801 1130 2870 Vlysse
1148 2802 1221 2856 haec
1238 2802 1372 2856 retulerat
1388 2802 1420 2855 ll.
1435 2819 1462 2857 x.
1552 2826 1555 2832 ·

310 2883 363 2940 435
377 2873 421 2926 Ἐν
432 2873 462 2926 δέ
474 2875 542 2942 σφιν
552 2871 644 2940 Ῥῆσος
656 2871 791 2936 βασιλεύς,
803 2872 863 2927 πάις
875 2873 1000 2940 Ἠἶονῆος,
1013 2876 1064 2925 Τοῦ
1077 2872 1108 2940 δὴ
1123 2872 1281 2926 καλλίστους
1295 2871 1390 2927 ἵππους
1405 2870 1463 2925 ’ίδον

310 2939 356 3009 ridi
368 2943 516 3012 μεγίστους·
534 2944 685 3012 Λευκότεροι
698 2944 791 3012 χιόνος,
804 2941 880 2996 θείειν
892 2942 915 2995 δ’
926 2942 1058 3010 ἀνέμοισιν
1069 2943 1162 3009 όμοῐοι.
1209 2959 1321 2997 somno
1332 2946 1464 2998 meliore

311 3015 463 3077 qtiiesoas.
488 3014 615 3066 Rhesum
628 3011 702 3068 inter
713 3013 832 3068 comites
845 3015 972 3067 Thracas
985 3011 1172 3068 dormientem
1185 3029 1250 3067 curn
1263 3012 1415 3067 duodecim
1427 3031 1463 3068 ex

311 3082 370 3136 suis
389 3082 527 3137 interfecit
547 3083 723 3150 Diomedes;
744 3101 832 3154 equos
851 3084 911 3138 eius
930 3083 1007 3137 iuxta
1026 3083 1175 3138 dominum
1191 3083 1325 3152 religatos
1344 3085 1463 3154 Vlysses

311 3151 408 3220 abegit
423 3153 455 3206 ll.
467 3171 493 3208 x.
506 3165 568 3220 473,
581 3167 606 3221 4,
620 3155 681 3222 488,
694 3155 755 3223 498.
826 3157 896 3209 630.
916 3158 1019 3216 Quam
1034 3159 1163 3208 comites
1174 3156 1275 3208 Rhesi
1285 3161 1354 3209 tum
1366 3159 1462 3224 necis,

311 3228 386 3278 ante
407 3226 487 3277 uiae.
533 3224 685 3278 Notandus
713 3225 816 3294 duplex
843 3224 985 3294 genitiuus
1010 3242 1045 3279 ex
1071 3229 1142 3280 uoce
1169 3228 1301 3280 comites
1324 3226 1462 3296 pendens,

312 3310 399 3363 quam
414 3292 491 3346 nolui
507 3292 664 3363 immutare,
677 3295 807 3364 quamuis
819 3295 910 3349 Rheso
924 3295 1078 3350 Merkelius
1096 3311 1131 3349 ex
1149 3295 1313 3350 coniectura
1328 3295 1462 3365 posuerit,

312 3373 341 3418 et
354 3362 482 3418 datiuum
498 3379 637 3432 personae
653 3375 718 3435 post
734 3368 845 3421 comites
860 3367 1025 3436 plerumque
1039 3366 1179 3435 praeferat
1192 3365 1320 3421 Ouidius.
1354 3365 1413 3421 Cic.
1427 3367 1463 3421 de

311 3433 406 3488 Amic.
419 3433 454 3488 xi.
469 3447 502 3502 37
521 3435 589 3488 Non
606 3438 681 3489 enim
694 3438 800 3507 paruit
816 3437 865 3490 ille
887 3438 928 3490 Ti.
951 3436 1072 3491 Gracchi
1087 3438 1248 3506 teneritati,
1266 3438 1316 3491 sed
1324 3438 1463 3508 praeficit,

312 3521 363 3560 nec
372 3522 401 3558 se
412 3507 537 3559 comitem
549 3505 758 3577 illiusflrroris,
767 3507 921 3562 redderem
931 3508 1071 3577 praebuit.
1105 3513 1175 3562 tum
1187 3511 1282 3574 neme,
1295 3514 1369 3562 ante
1381 3512 1463 3562 uiae.

313 3574 412 3644 Necis‚
431 3593 496 3630 curn
520 3577 578 3631 leto
602 3577 685 3632 datus
710 3588 761 3646 est,
781 3577 852 3646 uiae,
871 3595 936 3632 cum
959 3577 1042 3632 simul
1063 3577 1257 3633 aduentabant
1278 3596 1313 3632 ex
1332 3579 1463 3634 Thracia.

314 3648 348 3701 ll.
361 3665 386 3700 x.
400 3661 453 3715 434
466 3646 573 3716 Θρήικες
591 3643 637 3700 οἶδ
650 3648 775 3702 ἀπάνευθε
794 3647 944 3716 νεήλυδες,
957 3649 1066 3718 ἔσχατοι
1084 3648 1183 3714 ἄλλων,
1194 3647 1239 3702 Ἐν
1251 3649 1281 3702 δέ
1292 3650 1361 3718 σφιν
1371 3648 1465 3717 Ῥῆσος

312 3717 448 3786 βασιλεύς,
457 3717 518 3773 πάις
525 3716 672 3773 Ἠετίωνος.
710 3717 838 3788 Plerique
851 3719 934 3773 codd.
944 3719 1051 3775 babent
1063 3725 1129 3773 ante
1139 3720 1221 3788 dcem,
1231 3719 1300 3774 satis
1313 3720 1464 3774 commode

313 3789 352 3844 ad
370 3805 503 3843 sensum:
528 3806 596 3843 nam
614 3798 699 3844 noctu
718 3790 831 3844 Rhesus
850 3789 960 3844 occisus
978 3799 1031 3856 est,
1047 3800 1075 3845 et
1093 3789 1214 3845 reuersis
1233 3790 1348 3844 domum
1361 3790 1464 3860 Vlysse

313 3876 348 3915 ac
362 3859 504 3914 Diomede
515 3856 585 3913 'Hbc
597 3859 625 3912 ἐκ
637 3859 735 3928 λεχέων
747 3861 807 3930 παρ’
819 3859 916 3930 ἀγαυοῦ
932 3859 1054 3914 Τιθωνοῖο
1064 3857 1176 3931 'oprvil
1186 3860 1218 3915 Il.
1231 3859 1267 3915 xi.
1283 3875 1305 3915 1.
1344 3861 1410 3915 Hoc
1421 3878 1465 3916 re·

313 3940 393 3985 tento
407 3929 587 3986 scribendum
596 3928 648 3984 erit
659 3931 751 4000 Quam
760 3932 872 3985 comites
879 3930 974 3998 Rhesi,
983 3937 1025 3998 tu,
1034 3933 1108 3986 neeis
1116 3931 1271 3998 antediem,
1281 3947 1374 4001 neque
1386 3931 1465 3985 omni

314 3999 343 4054 ui
362 4010 439 4055 caret
451 4005 484 4054 tu
500 4000 647 4069 ἐμφατικῶς
664 4001 706 4054 sic
723 4000 891 4071 repetitum:
914 4018 1086 4072 quamquam
1105 4000 1241 4056 Ouidium
1258 4002 1299 4056 ita
1317 4000 1466 4072 scripsisse

313 4087 372 4125 non
392 4070 568 4126 crediderim.
644 4075 709 4125 681.
729 4087 816 4136 quos.
845 4073 917 4127 Aen.
931 4072 966 4126 ix.
981 4085 1031 4142 315
1051 4073 1150 4127 multis
1170 4078 1265 4126 tamen
1284 4078 1350 4126 ante
1360 4073 1468 4142 futuri

314 4142 423 4197 Exitio.
462 4141 536 4196 Niso
556 4150 613 4196 tres
634 4141 731 4196 famuli
754 4142 911 4212 RamnetiS,
933 4145 1041 4198 Remus
1062 4160 1128 4197 cum
1146 4143 1287 4211 armigero
1308 4152 1336 4197 et
1357 4142 1465 4212 auriga,

316 4212 455 4280 Lamyrus
477 4214 581 4267 Lamus
600 4213 756 4279 Serranus;
780 4214 904 4282 Euryalo
926 4214 1023 4268 Fadus
1044 4214 1191 4268 Herbesos
1211 4215 1340 4268 Rhoetus
1360 4213 1465 4268 Abaris

314 4291 486 4337 sternuntur.
546 4285 708 4339 Ramnete.
737 4285 808 4338 Aen
828 4283 864 4339 ix.
884 4298 936 4352 324
952 4285 1042 4339 simul
1054 4301 1117 4338 ense
1133 4285 1283 4355 superbum
1301 4286 1466 4338 Ramnetem

315 4354 491 4421 aggreditur,
513 4355 566 4423 qui
577 4356 659 4424 sorte
678 4355 816 4425 tapetibus
836 4355 905 4408 altis
924 4355 1099 4410 Exstructus
1117 4360 1175 4410 toto
1193 4355 1337 4425 praitabat
1355 4359 1467 4425 pectore

314 4438 452 4490 somnum,
467 4424 531 4476 Rex
546 4425 619 4478 ritem
637 4431 665 4478 et
681 4427 745 4497 regi
762 4426 789 4480 T
786 4441 859 4480 urna
872 4427 1058 4496 gratissimus
1076 4441 1179 4497 auger,
1192 4426 1253 4480 Sed
1267 4441 1324 4478 non
1342 4427 1466 4496 auguria

310 4493 409 4564 potuit
420 4493 554 4563 depellere
561 4498 675 4565 pestem.
755 4498 823 4552 632.
843 4499 1032 4562 Hyrtacides
1046 4496 1142 4551 Nisus.
1178 4498 1250 4550 Aen.
1264 4495 1300 4550 ix.
1313 4496 1363 4562 176
1374 4496 1466 4550 Nesus

313 4567 379 4620 erat
390 4567 493 4634 portae
509 4572 608 4634 custos,
621 4566 775 4622 acerninus
792 4568 889 4638 armis,
900 4568 1079 4639 Hyrtacides.
1118 4566 1194 4636 Hinc
1212 4570 1338 4634 inpiger
1355 4565 1466 4623 dicitur.
