3294 5214
324 471 335 532 r
643 422 645 427 ⁵
735 467 1063 532 raonsoonnsnn.

326 626 412 686 uiuos
436 625 622 694 insectantur,
646 625 726 685 uelut
749 626 780 684 in
808 643 920 701 papyro
942 623 1080 684 Leidensi
1105 623 1232 698 queritur
1256 623 1375 682 maritus
1400 622 1486 701 quod

326 708 464 770 defuncta
478 708 606 767 coniunx
620 707 703 766 malis
717 706 814 766 modis
828 707 924 768 adhuc
938 725 970 765 se
984 715 1072 764 uexet
1086 702 1175 783 (Ren.
1190 723 1220 780 p.
1236 704 1315 783 154).

368 790 404 850 vi.
424 789 540 850 Eodem
558 789 652 850 resero
671 788 752 866 quod
771 789 801 848 in
821 788 948 848 historiis
969 787 1060 846 Ibidis
1081 788 1187 847 totiens
1208 795 1359 846 narrantur
1379 787 1483 846 incesti

326 888 449 932 amores
493 869 571 928 Nam
585 881 618 929 ut
631 870 716 931 frater
729 887 859 929 sororem
874 870 1000 940 duceret,
1015 886 1121 944 parens
1136 887 1204 926 cum
1222 868 1318 926 liberis
1337 886 1481 928 concum-

325 954 417 1024 beret,
425 962 455 1011 et
467 951 544 1028 quae
558 951 613 1011 alia
626 951 792 1012 huiusmodi
807 960 883 1021 sunt,
893 951 1031 1011 usitatum
1042 951 1201 1025 Aegyptiis,
1213 950 1288 1006 inter
1302 950 1374 1008 alios
1388 949 1480 1009 rarius

326 1033 389 1094 ruit.
431 1032 681 1095 Consecrauerant
695 1033 838 1093 incestum
853 1032 1063 1108 Aegyptiorum
1080 1029 1243 1107 flagitiosae
1258 1030 1380 1102 fabulae,
1395 1050 1479 1106 prae·

327 1116 413 1191 cipue
427 1115 464 1174 de
478 1113 555 1173 iside
570 1132 669 1178 sorore
684 1132 718 1172 ac
733 1115 859 1190 coniuge
873 1112 1004 1173 Osiridis.
1047 1112 1149 1171 Sedet
1164 1112 1236 1172 aliae
1250 1111 1386 1172 historiae
1406 1131 1480 1189 quas

326 1195 357 1254 in
370 1196 454 1255 Ibide
467 1214 502 1256 ac
517 1195 663 1255 Tristibus
677 1195 810 1271 repetiuit
824 1194 948 1255 Ouidius
962 1194 1018 1253 huc
1033 1193 1130 1254 relern'
1144 1203 1287 1272 poterant,
1329 1193 1417 1253 Velut
1432 1195 1480 1252 illa

326 1277 364 1336 de
379 1277 506 1354 Telephi
519 1277 603 1336 hasta
620 1277 724 1335 eadem
741 1276 913 1336 uulnerante
926 1276 1070 1335 Achillem
1089 1293 1123 1337 ac
1146 1286 1268 1334 sanante
1290 1275 1412 1333 similem
1433 1277 1478 1334 sui

326 1360 402 1418 inter
415 1359 577 1435 Aegyptios
590 1357 691 1418 habuit
699 1377 708 1430 ;
730 1376 800 1416 nam
819 1358 849 1415 in
868 1357 941 1417 libro
956 1357 1141 1416 Mortuerum
1160 1377 1185 1418 c.
1201 1357 1258 1416 cxii
1272 1357 1386 1416 Anubis
1401 1357 1477 1415 Hori

326 1440 510 1500 uulneratum
525 1440 643 1499 oculum
659 1439 739 1499 louet
753 1457 841 1516 quem
855 1439 934 1515 prius
949 1439 1011 1515 ipse
1025 1438 1197 1504 confoderat
1206 1436 1342 1517 (Renouf
1353 1457 1380 1514 p.
1396 1437 1476 1517 114);
1511 1473 1514 1478 ·

326 1540 416 1599 quam
434 1521 561 1581 fabulam
580 1522 660 1580 aliter
679 1521 764 1580 tradit
783 1520 952 1579 Plutarchus
972 1520 1009 1578 de
1030 1520 1069 1578 1s.
1092 1530 1120 1580 et
1142 1519 1218 1580 Osir.
1235 1534 1273 1595 55
1294 1521 1418 1594 λέγουσιν
1438 1522 1479 1576 dn

326 1609 373 1660 τοῦ
387 1603 470 1677 Ὥρου
489 1608 535 1660 νῦν
550 1605 597 1675 μὲν
618 1605 736 1673 ἐπάταξε,
758 1607 802 1659 νῦν
822 1603 844 1657 b'
865 1604 962 1674 ἐξελὼν
982 1604 1097 1658 κατέπιεν
1117 1607 1132 1658 b
1152 1605 1248 1674 Τυφὼν
1267 1604 1312 1658 rdu
1332 1603 1477 1674 ὀφθαλμόν,

326 1696 359 1743 ut
368 1683 427 1742 huc
435 1695 567 1760 spectare
576 1685 702 1760 potuerit
711 1683 838 1742 narratio
848 1683 885 1742 de
893 1682 999 1760 Tydeo
1009 1682 1172 1760 Melanippi
1181 1683 1333 1743 cerebrum
1344 1692 1478 1758 sugente,

327 1783 419 1843 quam
432 1767 477 1824 bis
491 1766 522 1823 in
536 1764 621 1824 Ibide
635 1765 755 1824 induxit.

368 1847 414 1905 vii.
436 1845 572 1922 Denique
593 1846 733 1923 supplicia
754 1845 924 1918 Inferorum,
947 1846 1043 1923 qualia
1062 1844 1139 1905 Ibidi
1161 1841 1284 1905 Ouidius'
1305 1846 1477 1921 inprecatur,

326 1945 473 2004 nusquam
490 1928 599 1987 maiore
616 1936 756 2004 apparatu
777 1946 832 1986 nec
853 1927 985 2003 longiore
1007 1927 1079 1988 serlo
1100 1927 1317 2003 explicabantur
1338 1944 1427 2002 quam
1447 1927 1478 1983 in

326 2009 541 2085 AegyptIorum
574 2009 736 2084 sculpturis.
789 2008 875 2069 Talia
902 2009 1073 2071 Thebarum
1103 2008 1242 2070 exhibent
1274 2010 1478 2068 subterraneae
1525 2063 1533 2078 ,

327 2108 470 2152 cauernae
485 2087 636 2167 (Syringas
650 2089 816 2170 uocabant),
832 2091 986 2167 praecipue
999 2107 1071 2149 uero
1086 2091 1252 2167 sepulcrum
1268 2089 1348 2148 Sethi
1362 2088 1403 2148 1.*
1439 2088 1479 2146 Et

327 2171 551 2236 confluentibus,
568 2172 598 2230 in
620 2171 749 2230 Romam
769 2172 799 2230 in
823 2171 885 2231 dies
906 2181 950 2232 tot
971 2172 1096 2249 populis,
1119 2173 1183 2249 quis
1204 2173 1322 2232 miretur
1342 2171 1424 2240 haec,
1446 2180 1479 2228 ut

327 2263 423 2321 cetera
438 2253 574 2322 Orientis,
589 2253 619 2311 in
641 2254 773 2313 notitiam
794 2254 961 2329 peruenisse
984 2253 1205 2314 Romanorum?
1248 2253 1381 2330 Caligula
1400 2262 1479 2311 certe

327 2335 489 2410 imperante
499 2335 659 2410 parabatur
673 2338 742 2394 etin
756 2343 854 2398 necem
869 2337 1058 2410 spectaculum,
1072 2355 1124 2410 quo
1137 2340 1302 2412 argumenta
1315 2333 1478 2412 [nurerum

323 2427 376 2492 per
389 2416 540 2493 Aegyptios
560 2423 587 2473 ei
604 2411 753 2493 Aeibebpas
774 2418 985 2493 explicarentur
1004 2415 1096 2495 (Suet.
1111 2414 1204 2494 Calig.
1223 2415 1290 2495 57);
1316 2416 1395 2475 unde
1417 2433 1478 2472 non

326 2498 390 2556 sine
414 2516 504 2559 causa
526 2497 666 2559 Renanus
691 2499 799 2574 colligit
823 2498 989 2558 huiusmodi
1012 2499 1177 2575 spectacula
1200 2499 1289 2558 moris
1313 2516 1348 2558 ac
1371 2497 1480 2559 saeculi

326 2579 423 2642 fuisse.

858 2790 950 2863 Vll.

370 2988 534 3053 Ouidiauae
548 2989 638 3048 Ibidis
652 2991 731 3066 apud
745 3001 856 3051 ueteres
871 2992 1015 3052 rarissima
1030 2992 1148 3050 mentio.
1172 2990 1256 3050 Duos
1271 3001 1383 3050 tantum
1397 2991 1480 3050 locos

328 3089 366 3132 err
390 3089 425 3130 ea
446 3072 515 3132 citat
536 3070 692 3147 Eutyches,
711 3091 758 3130 uu.
777 3090 823 3142 11,
843 3091 877 3130 ra
897 3075 927 3132 in
946 3075 1016 3132 Arte
1030 3073 1057 3130 ii.
1079 3086 1094 3147 7
1117 3074 1167 3132 ubi
1188 3074 1225 3131 de
1246 3073 1336 3131 uerbo
1358 3074 1481 3148 relegare

329 3153 453 3228 loquens
472 3152 564 3212 allatis
584 3152 713 3229 Vergilio
733 3163 761 3212 et
781 3153 902 3213 Lucano
922 3156 994 3214 haec
1013 3154 1092 3215 addit
1109 3172 1136 3230 p.
1154 3167 1212 3228 475
1228 3153 1296 3212 Keil
1314 3153 1432 3212 Ouidius
1449 3157 1480 3212 iu

328 3231 408 3292 Ibide
415 3235 600 3316 pariicipiurn
608 3236 698 3309 ponii,
725 3233 782 3293 Ille
791 3237 941 3312 relegatum
950 3236 1062 3312 gelidas
1073 3235 1223 3310 Aquilonis
1234 3237 1274 3294 ud
1284 3254 1349 3294 oras
1362 3233 1480 3314 (gelidos

328 3322 449 3373 -ortus
460 3314 547 3374 codd.
559 3313 670 3393 Ouidii)
681 3316 749 3376 Non
760 3319 831 3376 se‘uil
843 3319 931 3376 exile'o
945 3319 1083 3375 delituisse
1092 3337 1141 3376 ruo
1151 3315 1219 3394 (meo
1229 3316 1315 3376 codd.
1327 3314 1438 3395 Ouidii)
1450 3327 1479 3376 et

329 3415 356 3458 u.
369 3411 407 3470 50
411 3416 427 3471 3
438 3399 468 3454 in
479 3397 539 3454 Art.
555 3397 582 3456 ii.
595 3411 630 3470 15
641 3399 690 3456 leto
703 3400 778 3456 letas.
814 3397 935 3457 Ouidius
943 3401 975 3458 in
986 3398 1064 3458 Ibide
1078 3397 1184 3474 Quique
1192 3397 1374 3474 Lycurgiden
1385 3399 1483 3458 Ieteuz't

328 3479 574 3538 etarboreuatum.
606 3478 708 3554 Itaque
717 3479 866 3554 legebatur
877 3480 937 3538 Ibis
949 3480 1066 3540 saeculo
1075 3490 1141 3556 post
1150 3479 1218 3539 Chr.
1228 3479 1479 3557 sext0,siquidem

329 3559 477 3634 Eutyches
492 3559 629 3618 Prisciani
643 3560 800 3637 discipulus
813 3561 874 3634 fuit,
889 3561 919 3620 id
933 3561 1014 3639 quod
1027 3563 1089 3638 ipse
1103 3571 1222 3621 testatur
1236 3562 1296 3620 Art.
1306 3561 1325 3620 i.
1337 3563 1364 3620 8.
1379 3580 1410 3637 p.
1419 3580 1436 3633 4
1441 3563 1478 3638 56

330 3641 407 3712 Keil,
422 3651 451 3700 et
465 3639 564 3703 Ouidii
577 3659 653 3717 opus
667 3640 833 3702 habebatur.
878 3643 936 3702 Sed
950 3661 1012 3702 non
1026 3644 1131 3702 desunt
1145 3661 1220 3720 quae
1238 3643 1400 3704 innotuisse
1414 3661 1479 3702 eam

329 3723 493 3798 significent
507 3723 548 3782 eis
563 3723 612 3798 qui
626 3741 643 3780 a
657 3733 762 3799 poetae
777 3725 893 3784 saeculo
908 3743 970 3784 non
981 3724 1069 3802 longe
1085 3726 1210 3783 aberant.
1239 3723 1328 3785 Velut
1342 3723 1479 3800 Hyginus

329 3823 366 3865 ex
382 3803 472 3866 Ibidis
486 3821 514 3864 u.
531 3823 589 3879 304
609 3804 723 3864 uidetur
742 3807 900 3882 sumpsisse
918 3807 973 3865 ista
987 3805 1057 3865 Fab.
1076 3824 1132 3879 123
1150 3805 1241 3866 Cuius
1259 3825 1321 3864 ossa
1335 3815 1390 3880 per
1404 3806 1480 3880 fines

329 3886 500 3944 Ambracrue
512 3896 612 3961 sparsa
632 3893 704 3956 sunt,
719 3895 841 3962 quaeest
855 3891 885 3946 in
899 3887 991 3963 Epiri
1001 3887 1165 3964 regionibus,
1180 3886 1259 3946 unde
1278 3889 1367 3948 uerba
1381 3887 1481 3947 Ouidii

329 3969 369 4030 ad
386 3966 616 4044 Neoptolemum
635 3967 785 4028 referenda
802 3987 866 4028 esse
886 3979 1007 4029 constat.
1051 3968 1163 4028 Rursus
1180 3968 1252 4026 Fab.
1272 3981 1327 4042 247
1350 3987 1426 4045 quae
1442 3967 1479 4026 de

330 4047 442 4109 Thasio
464 4050 585 4112 canibus
599 4049 749 4109 interiecto
769 4050 852 4109 tradit
867 4049 1003 4126 Hyginus
1025 4069 1061 4110 ex
1076 4050 1120 4109 lb.
1137 4055 1195 4125 478
1215 4049 1340 4108 rriutuari
1358 4059 1479 4125 poterat.

331 4129 390 4189 Sed
404 4131 434 4189 in
453 4131 620 4190 uniuersum
639 4140 719 4190 tanta
733 4132 806 4190 inter
820 4131 974 4208 Hyginum
988 4141 1017 4190 et
1032 4132 1098 4190 Ibin
1116 4149 1150 4190 ac
1166 4131 1422 4206 Metamorphoses
1436 4132 1479 4188 in-

329 4211 451 4273 tercedit
465 4212 612 4286 cognatio,
622 4222 731 4289 quanta
745 4213 817 4272 inter
831 4215 942 4272 amicos
952 4212 1045 4272 sutura
1059 4222 1132 4284 erat;
1153 4214 1481 4291 namfamiliarissimur

330 4292 377 4350 iric
391 4294 463 4369 fuit
485 4291 588 4351 Ouidio
606 4301 697 4368 poetae
721 4293 811 4372 (Suet.
836 4294 967 4354 Gramm.
994 4296 1055 4370 ao),
1078 4303 1107 4352 et
1131 4294 1250 4354 easdem
1271 4313 1317 4353 res
1340 4293 1479 4354 tractauit

330 4372 419 4434 Vnde
442 4373 473 4432 in
496 4373 725 4450 Commentario
750 4377 884 4454 quotiens
907 4377 995 4447 licuit,
1021 4374 1119 4435 Ouidii
1134 4376 1224 4436 uerba
1247 4394 1285 4434 ex
1306 4375 1481 4452 Hyginianis

714 4543 729 4576 *
745 4541 827 4588 Renan
839 4538 997 4590 L‘Ante'clrrist
1008 4557 1031 4604 p.
1042 4550 1096 4603 170.
