<?xml version="1.0" encoding="UTF-8"?>
<!DOCTYPE html PUBLIC "-//W3C//DTD XHTML 1.0 Transitional//EN"
    "http://www.w3.org/TR/xhtml1/DTD/xhtml1-transitional.dtd">
<html xmlns="http://www.w3.org/1999/xhtml" xml:lang="en" lang="en">
 <head>
  <title>
</title>
<meta http-equiv="Content-Type" content="text/html;charset=utf-8" />
  <meta name='ocr-system' content='tesseract 3.04.00' />
  <meta name='ocr-capabilities' content='ocr_page ocr_carea ocr_par ocr_line ocrx_word'/>
</head>
<body>
  <div class='ocr_page' id='page_1' title='image "./povidiinasonisi01elligoog_0156.png"; bbox 0 0 3312 5200; ppageno 0'>
   <div class='ocr_carea' id='block_1_1' title="bbox 726 428 1390 492">
    <p class='ocr_par' dir='ltr' id='par_1_1' title="bbox 726 428 1390 492">
     <span class='ocr_line' id='line_1_1' title="bbox 726 428 1390 492; baseline 0.008 -5"><span class='ocrx_word' id='word_1_1' title='bbox 726 429 771 487; x_wconf 95' lang='lat' dir='ltr'><strong>IN</strong></span> <span class='ocrx_word' id='word_1_2' title='bbox 802 428 899 489; x_wconf 89' lang='lat' dir='ltr'>IBIN.</span> <span class='ocrx_word' id='word_1_3' title='bbox 1351 436 1390 492; x_wconf 83' lang='grc'><strong>87</strong></span> 
     </span>
    </p>
   </div>
   <div class='ocr_carea' id='block_1_2' title="bbox 133 584 1392 3030">
    <p class='ocr_par' dir='ltr' id='par_1_2' title="bbox 234 584 1390 666">
     <span class='ocr_line' id='line_1_2' title="bbox 234 584 1390 666; baseline 0.006 -24"><span class='ocrx_word' id='word_1_4' title='bbox 234 593 264 642; x_wconf 90' lang='lat' dir='ltr'><strong>et</strong></span> <span class='ocrx_word' id='word_1_5' title='bbox 285 584 364 643; x_wconf 90' lang='lat' dir='ltr'><strong>hunc</strong></span> <span class='ocrx_word' id='word_1_6' title='bbox 386 602 500 643; x_wconf 91' lang='lat' dir='ltr'><strong>morem</strong></span> <span class='ocrx_word' id='word_1_7' title='bbox 512 586 552 644; x_wconf 85' lang='lat' dir='ltr'><strong>in</strong></span> <span class='ocrx_word' id='word_1_8' title='bbox 574 585 721 644; x_wconf 86' lang='lat' dir='ltr'><strong>sacrificiis</strong></span> <span class='ocrx_word' id='word_1_9' title='bbox 742 603 794 662; x_wconf 92' lang='lat' dir='ltr'><strong>pa·</strong></span> <span class='ocrx_word' id='word_1_10' title='bbox 835 596 941 646; x_wconf 86' lang='lat' dir='ltr'><strong>nantes</strong></span> <span class='ocrx_word' id='word_1_11' title='bbox 956 586 1078 646; x_wconf 90' lang='lat' dir='ltr'><strong>nimium</strong></span> <span class='ocrx_word' id='word_1_12' title='bbox 1097 595 1184 666; x_wconf 88' lang='lat' dir='ltr'><strong>potae</strong></span> <span class='ocrx_word' id='word_1_13' title='bbox 1204 588 1242 649; x_wconf 93' lang='lat' dir='ltr'><strong>de</strong></span> <span class='ocrx_word' id='word_1_14' title='bbox 1260 588 1390 666; x_wconf 90' lang='lat' dir='ltr'><strong>quodam</strong></span> 
     </span>
    </p>

    <p class='ocr_par' dir='ltr' id='par_1_3' title="bbox 133 664 1392 825">
     <span class='ocr_line' id='line_1_3' title="bbox 133 664 1392 810; baseline 0.005 -86"><span class='ocrx_word' id='word_1_15' title='bbox 133 717 138 724; x_wconf 93' lang='lat'><strong><em>.</em></strong></span> <span class='ocrx_word' id='word_1_16' title='bbox 234 667 307 725; x_wconf 89' lang='lat' dir='ltr'><strong>triae</strong></span> <span class='ocrx_word' id='word_1_17' title='bbox 319 685 389 725; x_wconf 89' lang='lat' dir='ltr'><strong>suae</strong></span> <span class='ocrx_word' id='word_1_18' title='bbox 400 667 570 743; x_wconf 90' lang='lat' dir='ltr'><strong>dereliquit:</strong></span> <span class='ocrx_word' id='word_1_19' title='bbox 586 685 677 744; x_wconf 87' lang='lat' dir='ltr'><strong>quare</strong></span> <span class='ocrx_word' id='word_1_20' title='bbox 686 667 792 726; x_wconf 91' lang='lat' dir='ltr'><strong>Lindia</strong></span> <span class='ocrx_word' id='word_1_21' title='bbox 835 679 937 728; x_wconf 89' lang='lat' dir='ltr'><strong>monte</strong></span> <span class='ocrx_word' id='word_1_22' title='bbox 960 664 1018 810; x_wconf 59' lang='grc' dir='ltr'><strong>[εἰ]</strong></span> <span class='ocrx_word' id='word_1_23' title='bbox 1042 671 1277 747; x_wconf 79' lang='lat' dir='ltr'><strong>praecipitarunt,</strong></span> <span class='ocrx_word' id='word_1_24' title='bbox 1299 673 1392 732; x_wconf 81' lang='lat' dir='ltr'><strong>nteit</strong></span> 
     </span>
     <span class='ocr_line' id='line_1_4' title="bbox 234 748 1137 825; baseline 0.006 -19"><span class='ocrx_word' id='word_1_25' title='bbox 234 748 352 823; x_wconf 89' lang='lat' dir='ltr'><strong>pertulit</strong></span> <span class='ocrx_word' id='word_1_26' title='bbox 366 749 397 806; x_wconf 92' lang='lat' dir='ltr'><strong>in</strong></span> <span class='ocrx_word' id='word_1_27' title='bbox 411 767 479 806; x_wconf 93' lang='lat' dir='ltr'><strong>eum</strong></span> <span class='ocrx_word' id='word_1_28' title='bbox 491 749 585 824; x_wconf 88' lang='lat' dir='ltr'><strong>turpia</strong></span> <span class='ocrx_word' id='word_1_29' title='bbox 600 749 689 807; x_wconf 89' lang='lat' dir='ltr'><strong>uerba</strong></span> <span class='ocrx_word' id='word_1_30' title='bbox 693 768 701 820; x_wconf 91' lang='lat'>;</span> <span class='ocrx_word' id='word_1_31' title='bbox 716 767 792 825; x_wconf 87' lang='lat' dir='ltr'><strong>quae</strong></span> <span class='ocrx_word' id='word_1_32' title='bbox 834 749 944 809; x_wconf 84' lang='lat' dir='ltr'><strong>Gallus.</strong></span> <span class='ocrx_word' id='word_1_33' title='bbox 1029 758 1056 809; x_wconf 83' lang='lat' dir='ltr'><strong>ci</strong></span> <span class='ocrx_word' id='word_1_34' title='bbox 1067 750 1137 812; x_wconf 73' lang='lat' dir='ltr'><strong>Asc.</strong></span> 
     </span>
    </p>

    <p class='ocr_par' dir='ltr' id='par_1_4' title="bbox 233 829 792 896">
     <span class='ocr_line' id='line_1_5' title="bbox 233 829 792 896; baseline 0.004 -10"><span class='ocrx_word' id='word_1_35' title='bbox 233 831 266 886; x_wconf 92' lang='lat' dir='ltr'><strong>in</strong></span> <span class='ocrx_word' id='word_1_36' title='bbox 288 829 415 889; x_wconf 85' lang='lat' dir='ltr'><strong>furorem</strong></span> <span class='ocrx_word' id='word_1_37' title='bbox 436 848 579 896; x_wconf 89' lang='lat' dir='ltr'><strong>conuersa</strong></span> <span class='ocrx_word' id='word_1_38' title='bbox 600 848 632 890; x_wconf 91' lang='lat' dir='ltr'><strong>se</strong></span> <span class='ocrx_word' id='word_1_39' title='bbox 656 830 688 887; x_wconf 90' lang='lat' dir='ltr'><strong>in</strong></span> <span class='ocrx_word' id='word_1_40' title='bbox 712 848 792 889; x_wconf 85' lang='lat' dir='ltr'><strong>mare</strong></span> 
     </span>
    </p>

    <p class='ocr_par' dir='ltr' id='par_1_5' title="bbox 233 910 526 987">
     <span class='ocr_line' id='line_1_6' title="bbox 233 910 526 987; baseline 0.01 -20"><span class='ocrx_word' id='word_1_41' title='bbox 233 912 444 987; x_wconf 89' lang='lat' dir='ltr'><strong>praecipitauit.</strong></span> <span class='ocrx_word' id='word_1_42' title='bbox 489 910 526 971; x_wconf 80' lang='lat' dir='ltr'><strong>G.</strong></span> 
     </span>
    </p>

    <p class='ocr_par' dir='ltr' id='par_1_6' title="bbox 226 991 1390 1640">
     <span class='ocr_line' id='line_1_7' title="bbox 277 991 1390 1074; baseline 0.007 -26"><span class='ocrx_word' id='word_1_43' title='bbox 277 991 420 1052; x_wconf 90' lang='lat' dir='ltr'><strong>Hercules</strong></span> <span class='ocrx_word' id='word_1_44' title='bbox 440 993 592 1052; x_wconf 89' lang='lat' dir='ltr'><strong>cuiusdam</strong></span> <span class='ocrx_word' id='word_1_45' title='bbox 609 991 713 1052; x_wconf 84' lang='lat' dir='ltr'><strong>Lindiz&#39;</strong></span> <span class='ocrx_word' id='word_1_46' title='bbox 727 994 793 1053; x_wconf 59' lang='lat' dir='ltr'><strong>arass</strong></span> <span class='ocrx_word' id='word_1_47' title='bbox 876 993 955 1054; x_wconf 81' lang='lat' dir='ltr'><strong>*Hic</strong></span> <span class='ocrx_word' id='word_1_48' title='bbox 993 995 1161 1072; x_wconf 74' lang='lat' dir='ltr'><strong>intelligitur</strong></span> <span class='ocrx_word' id='word_1_49' title='bbox 1202 995 1275 1056; x_wconf 87' lang='lat' dir='ltr'><strong>Ibici</strong></span> <span class='ocrx_word' id='word_1_50' title='bbox 1313 995 1390 1074; x_wconf 89' lang='lat' dir='ltr'><strong>Lydi</strong></span> 
     </span>
     <span class='ocr_line' id='line_1_8' title="bbox 235 1074 1390 1153; baseline 0.003 -21"><span class='ocrx_word' id='word_1_51' title='bbox 235 1074 307 1132; x_wconf 91' lang='lat' dir='ltr'><strong>toris</strong></span> <span class='ocrx_word' id='word_1_52' title='bbox 322 1084 437 1150; x_wconf 90' lang='lat' dir='ltr'><strong>raptum</strong></span> <span class='ocrx_word' id='word_1_53' title='bbox 457 1076 567 1133; x_wconf 92' lang='lat' dir='ltr'><strong>bouem</strong></span> <span class='ocrx_word' id='word_1_54' title='bbox 587 1074 695 1134; x_wconf 88' lang='lat' dir='ltr'><strong>occidit</strong></span> <span class='ocrx_word' id='word_1_55' title='bbox 709 1084 738 1133; x_wconf 92' lang='lat' dir='ltr'><strong>et</strong></span> <span class='ocrx_word' id='word_1_56' title='bbox 752 1077 793 1134; x_wconf 92' lang='lat' dir='ltr'><strong>ait</strong></span> <span class='ocrx_word' id='word_1_57' title='bbox 834 1075 892 1135; x_wconf 89' lang='lat' dir='ltr'><strong>filia</strong></span> <span class='ocrx_word' id='word_1_58' title='bbox 907 1094 1064 1153; x_wconf 89' lang='lat' dir='ltr'><strong>quaecum</strong></span> <span class='ocrx_word' id='word_1_59' title='bbox 1080 1078 1194 1137; x_wconf 86' lang='lat' dir='ltr'><strong>Dianae</strong></span> <span class='ocrx_word' id='word_1_60' title='bbox 1209 1078 1316 1138; x_wconf 83' lang='lat' dir='ltr'><strong>auxilio</strong></span> <span class='ocrx_word' id='word_1_61' title='bbox 1328 1080 1390 1136; x_wconf 92' lang='lat' dir='ltr'><strong>uim</strong></span> 
     </span>
     <span class='ocr_line' id='line_1_9' title="bbox 235 1155 1390 1235; baseline 0.003 -21"><span class='ocrx_word' id='word_1_62' title='bbox 235 1174 267 1214; x_wconf 91' lang='lat' dir='ltr'><strong>se</strong></span> <span class='ocrx_word' id='word_1_63' title='bbox 279 1173 347 1213; x_wconf 92' lang='lat' dir='ltr'><strong>cum</strong></span> <span class='ocrx_word' id='word_1_64' title='bbox 359 1155 526 1215; x_wconf 76' lang='lat' dir='ltr'>comederet</span> <span class='ocrx_word' id='word_1_65' title='bbox 540 1174 691 1232; x_wconf 89' lang='lat' dir='ltr'><strong>nunquam</strong></span> <span class='ocrx_word' id='word_1_66' title='bbox 702 1156 794 1215; x_wconf 81' lang='lat' dir='ltr'><strong>liben·</strong></span> <span class='ocrx_word' id='word_1_67' title='bbox 833 1155 938 1216; x_wconf 59' lang='lat' dir='ltr'><strong>&#39;Martis</strong></span> <span class='ocrx_word' id='word_1_68' title='bbox 959 1159 1110 1235; x_wconf 86' lang='lat' dir='ltr'><strong>effugisset</strong></span> <span class='ocrx_word' id='word_1_69' title='bbox 1127 1161 1340 1219; x_wconf 82' lang='lat' dir='ltr'><strong>contumeliose</strong></span> <span class='ocrx_word' id='word_1_70' title='bbox 1359 1160 1390 1218; x_wconf 92' lang='lat' dir='ltr'><strong>in</strong></span> 
     </span>
     <span class='ocr_line' id='line_1_10' title="bbox 235 1236 1390 1318; baseline 0.005 -24"><span class='ocrx_word' id='word_1_71' title='bbox 235 1237 292 1295; x_wconf 90' lang='lat' dir='ltr'><strong>tius</strong></span> <span class='ocrx_word' id='word_1_72' title='bbox 307 1236 473 1313; x_wconf 65' lang='lat' dir='ltr'><strong>epulatum</strong></span> <span class='ocrx_word' id='word_1_73' title='bbox 491 1255 580 1313; x_wconf 84' lang='lat' dir='ltr'><strong>quem</strong></span> <span class='ocrx_word' id='word_1_74' title='bbox 594 1256 708 1296; x_wconf 91' lang='lat' dir='ltr'><strong>morem</strong></span> <span class='ocrx_word' id='word_1_75' title='bbox 722 1238 792 1296; x_wconf 91' lang='lat' dir='ltr'><strong>Lin·</strong></span> <span class='ocrx_word' id='word_1_76' title='bbox 834 1239 931 1315; x_wconf 87' lang='lat' dir='ltr'><strong>ipsum</strong></span> <span class='ocrx_word' id='word_1_77' title='bbox 953 1240 1070 1300; x_wconf 89' lang='lat' dir='ltr'><strong>inuecta</strong></span> <span class='ocrx_word' id='word_1_78' title='bbox 1090 1251 1142 1312; x_wconf 85' lang='lat' dir='ltr'><strong>est,</strong></span> <span class='ocrx_word' id='word_1_79' title='bbox 1164 1260 1200 1301; x_wconf 81' lang='lat' dir='ltr'><strong>ex</strong></span> <span class='ocrx_word' id='word_1_80' title='bbox 1226 1260 1287 1318; x_wconf 91' lang='lat' dir='ltr'><strong>quo</strong></span> <span class='ocrx_word' id='word_1_81' title='bbox 1309 1241 1390 1300; x_wconf 90' lang='lat' dir='ltr'><strong>Mars</strong></span> 
     </span>
     <span class='ocr_line' id='line_1_11' title="bbox 232 1319 1390 1394; baseline 0.005 -18"><span class='ocrx_word' id='word_1_82' title='bbox 232 1319 280 1376; x_wconf 84' lang='lat' dir='ltr'><strong>dii</strong></span> <span class='ocrx_word' id='word_1_83' title='bbox 292 1328 481 1377; x_wconf 91' lang='lat' dir='ltr'><strong>seruauerunt</strong></span> <span class='ocrx_word' id='word_1_84' title='bbox 492 1319 701 1378; x_wconf 86' lang='lat' dir='ltr'><strong>maledicentes</strong></span> <span class='ocrx_word' id='word_1_85' title='bbox 715 1320 790 1393; x_wconf 91' lang='lat' dir='ltr'><strong>deo;</strong></span> <span class='ocrx_word' id='word_1_86' title='bbox 833 1331 1000 1380; x_wconf 84' lang='lat' dir='ltr'><strong>commotus</strong></span> <span class='ocrx_word' id='word_1_87' title='bbox 1023 1323 1138 1382; x_wconf 91' lang='lat' dir='ltr'><strong>Ibicum</strong></span> <span class='ocrx_word' id='word_1_88' title='bbox 1160 1334 1256 1382; x_wconf 89' lang='lat' dir='ltr'><strong>morte</strong></span> <span class='ocrx_word' id='word_1_89' title='bbox 1283 1323 1390 1394; x_wconf 85' lang='lat' dir='ltr'><strong>affecit,</strong></span> 
     </span>
     <span class='ocr_line' id='line_1_12' title="bbox 231 1401 1390 1481; baseline 0.005 -24"><span class='ocrx_word' id='word_1_90' title='bbox 231 1419 312 1476; x_wconf 81' lang='lat' dir='ltr'><strong>quae</strong></span> <span class='ocrx_word' id='word_1_91' title='bbox 330 1418 503 1472; x_wconf 71' lang='lat' dir='ltr'><strong>saetacum</strong></span> <span class='ocrx_word' id='word_1_92' title='bbox 524 1417 585 1458; x_wconf 89' lang='lat' dir='ltr'><strong>uno</strong></span> <span class='ocrx_word' id='word_1_93' title='bbox 606 1419 686 1460; x_wconf 89' lang='lat' dir='ltr'><strong>anno</strong></span> <span class='ocrx_word' id='word_1_94' title='bbox 705 1402 791 1460; x_wconf 92' lang='lat' dir='ltr'><strong>inter·</strong></span> <span class='ocrx_word' id='word_1_95' title='bbox 832 1401 880 1460; x_wconf 90' lang='lat' dir='ltr'><strong>illa</strong></span> <span class='ocrx_word' id='word_1_96' title='bbox 894 1420 964 1478; x_wconf 90' lang='lat' dir='ltr'><strong>prae</strong></span> <span class='ocrx_word' id='word_1_97' title='bbox 983 1404 1085 1462; x_wconf 90' lang='lat' dir='ltr'><strong>dolore</strong></span> <span class='ocrx_word' id='word_1_98' title='bbox 1105 1422 1122 1462; x_wconf 87' lang='lat' dir='ltr'><strong>a</strong></span> <span class='ocrx_word' id='word_1_99' title='bbox 1140 1405 1266 1481; x_wconf 91' lang='lat' dir='ltr'><strong>scopulo</strong></span> <span class='ocrx_word' id='word_1_100' title='bbox 1287 1422 1319 1464; x_wconf 91' lang='lat' dir='ltr'><strong>se</strong></span> <span class='ocrx_word' id='word_1_101' title='bbox 1339 1404 1390 1463; x_wconf 91' lang='lat' dir='ltr'><strong>de·</strong></span> 
     </span>
     <span class='ocr_line' id='line_1_13' title="bbox 234 1482 1226 1562; baseline 0.006 -24"><span class='ocrx_word' id='word_1_102' title='bbox 234 1482 390 1551; x_wconf 85' lang='lat' dir='ltr'><strong>misissent,</strong></span> <span class='ocrx_word' id='word_1_103' title='bbox 412 1482 491 1540; x_wconf 81' lang='lat' dir='ltr'><strong>furor</strong></span> <span class='ocrx_word' id='word_1_104' title='bbox 514 1482 724 1558; x_wconf 90' lang='lat' dir='ltr'><strong>praecipitandi</strong></span> <span class='ocrx_word' id='word_1_105' title='bbox 748 1484 792 1541; x_wconf 91' lang='lat' dir='ltr'><strong>in·</strong></span> <span class='ocrx_word' id='word_1_106' title='bbox 831 1483 937 1543; x_wconf 84' lang='lat' dir='ltr'><strong>misit*</strong></span> <span class='ocrx_word' id='word_1_107' title='bbox 975 1483 1049 1544; x_wconf 79' lang='lat' dir='ltr'><strong>¹Caci.</strong></span> <span class='ocrx_word' id='word_1_108' title='bbox 1065 1483 1226 1562; x_wconf 84' lang='lat' dir='ltr'><strong>Saluagm&#39;c&#39;.</strong></span> 
     </span>
     <span class='ocr_line' id='line_1_14' title="bbox 226 1562 789 1640; baseline 0.005 -20"><span class='ocrx_word' id='word_1_109' title='bbox 226 1565 343 1620; x_wconf 56' lang='lat' dir='ltr'><strong>amissus</strong></span> <span class='ocrx_word' id='word_1_110' title='bbox 356 1573 400 1621; x_wconf 92' lang='lat' dir='ltr'><strong>est</strong></span> <span class='ocrx_word' id='word_1_111' title='bbox 414 1562 528 1621; x_wconf 87' lang='lat' dir='ltr'><strong>Lindic&#39;s</strong></span> <span class='ocrx_word' id='word_1_112' title='bbox 543 1565 712 1640; x_wconf 82' lang='lat' dir='ltr'><strong>uirginibus,</strong></span> <span class='ocrx_word' id='word_1_113' title='bbox 751 1565 789 1623; x_wconf 88' lang='lat' dir='ltr'><strong>P.</strong></span> 
     </span>
    </p>

    <p class='ocr_par' dir='ltr' id='par_1_7' title="bbox 227 1645 1389 1966">
     <span class='ocr_line' id='line_1_15' title="bbox 278 1645 1389 1724; baseline 0.004 -22"><span class='ocrx_word' id='word_1_114' title='bbox 278 1658 345 1717; x_wconf 89' lang='lat'><strong>501.</strong></span> <span class='ocrx_word' id='word_1_115' title='bbox 384 1645 470 1703; x_wconf 68' lang='lat' dir='ltr'><strong>ueta</strong></span> <span class='ocrx_word' id='word_1_116' title='bbox 514 1645 578 1702; x_wconf 92' lang='lat' dir='ltr'><strong>tibi</strong></span> <span class='ocrx_word' id='word_1_117' title='bbox 622 1657 791 1705; x_wconf 86' lang='lat' dir='ltr'><strong>occurrat.</strong></span> <span class='ocrx_word' id='word_1_118' title='bbox 874 1646 1068 1723; x_wconf 84' lang='lat' dir='ltr'><strong>†Paphageus</strong></span> <span class='ocrx_word' id='word_1_119' title='bbox 1082 1647 1220 1724; x_wconf 91' lang='lat' dir='ltr'><strong>Epirotes</strong></span> <span class='ocrx_word' id='word_1_120' title='bbox 1235 1665 1302 1708; x_wconf 91' lang='lat' dir='ltr'><strong>cum</strong></span> <span class='ocrx_word' id='word_1_121' title='bbox 1316 1647 1389 1706; x_wconf 89' lang='lat' dir='ltr'><strong>Am·</strong></span> 
     </span>
     <span class='ocr_line' id='line_1_16' title="bbox 237 1725 1389 1804; baseline 0.005 -22"><span class='ocrx_word' id='word_1_122' title='bbox 237 1725 329 1784; x_wconf 85' lang='lat' dir='ltr'><strong>*Feta</strong></span> <span class='ocrx_word' id='word_1_123' title='bbox 349 1725 451 1784; x_wconf 89' lang='lat' dir='ltr'><strong>leaena</strong></span> <span class='ocrx_word' id='word_1_124' title='bbox 471 1726 630 1802; x_wconf 87' lang='lat' dir='ltr'><strong>†Paphaga</strong></span> <span class='ocrx_word' id='word_1_125' title='bbox 650 1728 680 1784; x_wconf 92' lang='lat' dir='ltr'><strong>in</strong></span> <span class='ocrx_word' id='word_1_126' title='bbox 702 1728 792 1804; x_wconf 85' lang='lat' dir='ltr'><strong>patris</strong></span> <span class='ocrx_word' id='word_1_127' title='bbox 833 1727 981 1787; x_wconf 90' lang='lat' dir='ltr'><strong>brachiam</strong></span> <span class='ocrx_word' id='word_1_128' title='bbox 992 1729 1139 1788; x_wconf 91' lang='lat' dir='ltr'><strong>obsideret</strong></span> <span class='ocrx_word' id='word_1_129' title='bbox 1147 1729 1236 1788; x_wconf 85' lang='lat' dir='ltr'><strong>exiuit</strong></span> <span class='ocrx_word' id='word_1_130' title='bbox 1250 1740 1389 1788; x_wconf 89' lang='lat' dir='ltr'><strong>uenatum</strong></span> 
     </span>
     <span class='ocr_line' id='line_1_17' title="bbox 235 1808 1389 1883; baseline 0.005 -19"><span class='ocrx_word' id='word_1_131' title='bbox 235 1825 308 1882; x_wconf 85' lang='lat' dir='ltr'><strong>agro</strong></span> <span class='ocrx_word' id='word_1_132' title='bbox 337 1825 494 1866; x_wconf 89' lang='lat' dir='ltr'><strong>occurrens</strong></span> <span class='ocrx_word' id='word_1_133' title='bbox 523 1825 592 1867; x_wconf 88' lang='lat' dir='ltr'><strong>eum</strong></span> <span class='ocrx_word' id='word_1_134' title='bbox 627 1808 790 1868; x_wconf 87' lang='lat' dir='ltr'><strong>deuorauit.</strong></span> <span class='ocrx_word' id='word_1_135' title='bbox 833 1817 862 1868; x_wconf 91' lang='lat' dir='ltr'><strong>et</strong></span> <span class='ocrx_word' id='word_1_136' title='bbox 872 1809 991 1870; x_wconf 91' lang='lat' dir='ltr'><strong>leaenae</strong></span> <span class='ocrx_word' id='word_1_137' title='bbox 1003 1812 1132 1870; x_wconf 91' lang='lat' dir='ltr'><strong>catulum</strong></span> <span class='ocrx_word' id='word_1_138' title='bbox 1144 1812 1246 1870; x_wconf 86' lang='lat' dir='ltr'><strong>tacitus</strong></span> <span class='ocrx_word' id='word_1_139' title='bbox 1256 1811 1389 1883; x_wconf 88' lang='lat' dir='ltr'><strong>sustulit;</strong></span> 
     </span>
     <span class='ocr_line' id='line_1_18' title="bbox 227 1885 1389 1966; baseline 0.003 -18"><span class='ocrx_word' id='word_1_140' title='bbox 227 1888 275 1948; x_wconf 54' lang='grc' dir='ltr'><strong>ἐῢ.</strong></span> <span class='ocrx_word' id='word_1_141' title='bbox 480 1885 482 1890; x_wconf 80' lang='grc'><strong>’</strong></span> <span class='ocrx_word' id='word_1_142' title='bbox 834 1909 921 1966; x_wconf 91' lang='lat' dir='ltr'><strong>quem</strong></span> <span class='ocrx_word' id='word_1_143' title='bbox 957 1903 1116 1952; x_wconf 82' lang='lat' dir='ltr'><strong>consecuta</strong></span> <span class='ocrx_word' id='word_1_144' title='bbox 1153 1893 1257 1952; x_wconf 88' lang='lat' dir='ltr'><strong>leaena</strong></span> <span class='ocrx_word' id='word_1_145' title='bbox 1294 1893 1389 1958; x_wconf 89' lang='lat' dir='ltr'><strong>uirum</strong></span> 
     </span>
    </p>

    <p class='ocr_par' dir='ltr' id='par_1_8' title="bbox 224 1968 1389 2354">
     <span class='ocr_line' id='line_1_19' title="bbox 276 1968 1350 2046; baseline 0.003 -15"><span class='ocrx_word' id='word_1_146' title='bbox 276 1968 452 2046; x_wconf 87' lang='lat' dir='ltr'><strong>†Paphagus</strong></span> <span class='ocrx_word' id='word_1_147' title='bbox 473 1969 608 2046; x_wconf 87' lang='lat' dir='ltr'><strong>Epirotes</strong></span> <span class='ocrx_word' id='word_1_148' title='bbox 629 1989 698 2030; x_wconf 91' lang='lat' dir='ltr'><strong>oum</strong></span> <span class='ocrx_word' id='word_1_149' title='bbox 721 1969 792 2030; x_wconf 91' lang='lat' dir='ltr'><strong>Am·</strong></span> <span class='ocrx_word' id='word_1_150' title='bbox 833 1974 1159 2034; x_wconf 86' lang='lat' dir='ltr'><strong>membratimlaniauit.</strong></span> <span class='ocrx_word' id='word_1_151' title='bbox 1198 1975 1231 2036; x_wconf 38' lang='lat' dir='ltr'><strong>..C</strong></span> <span class='ocrx_word' id='word_1_152' title='bbox 1242 1972 1350 2034; x_wconf 79' lang='lat' dir='ltr'><strong>etArk.</strong></span> 
     </span>
     <span class='ocr_line' id='line_1_20' title="bbox 226 2052 1389 2112; baseline 0.005 -2"><span class='ocrx_word' id='word_1_153' title='bbox 226 2052 383 2110; x_wconf 92' lang='lat' dir='ltr'><strong>brachiam</strong></span> <span class='ocrx_word' id='word_1_154' title='bbox 394 2052 540 2112; x_wconf 91' lang='lat' dir='ltr'><strong>obsideret</strong></span> <span class='ocrx_word' id='word_1_155' title='bbox 551 2053 641 2112; x_wconf 87' lang='lat' dir='ltr'><strong>exiuit</strong></span> <span class='ocrx_word' id='word_1_156' title='bbox 652 2064 792 2112; x_wconf 89' lang='lat' dir='ltr'><strong>uenatum</strong></span> <span class='ocrx_word' id='word_1_157' title='bbox 1388 2079 1389 2084; x_wconf 48' lang='lat'>¹</span> 
     </span>
     <span class='ocr_line' id='line_1_21' title="bbox 224 2133 791 2194; baseline 0.005 -4"><span class='ocrx_word' id='word_1_158' title='bbox 224 2145 264 2191; x_wconf 82' lang='lat' dir='ltr'><strong>et</strong></span> <span class='ocrx_word' id='word_1_159' title='bbox 291 2134 411 2192; x_wconf 88' lang='lat' dir='ltr'><strong>leaenae</strong></span> <span class='ocrx_word' id='word_1_160' title='bbox 439 2133 566 2192; x_wconf 87' lang='lat' dir='ltr'><strong>catulum</strong></span> <span class='ocrx_word' id='word_1_161' title='bbox 594 2145 697 2194; x_wconf 88' lang='lat' dir='ltr'><strong>nactus</strong></span> <span class='ocrx_word' id='word_1_162' title='bbox 722 2137 791 2193; x_wconf 93' lang='lat' dir='ltr'><strong>sub·</strong></span> 
     </span>
     <span class='ocr_line' id='line_1_22' title="bbox 234 2215 791 2276; baseline 0.007 -4"><span class='ocrx_word' id='word_1_163' title='bbox 234 2215 329 2273; x_wconf 89' lang='lat' dir='ltr'><strong>stulit:</strong></span> <span class='ocrx_word' id='word_1_164' title='bbox 355 2215 402 2272; x_wconf 94' lang='lat' dir='ltr'><strong>cui</strong></span> <span class='ocrx_word' id='word_1_165' title='bbox 422 2215 524 2274; x_wconf 90' lang='lat' dir='ltr'><strong>leaena</strong></span> <span class='ocrx_word' id='word_1_166' title='bbox 540 2233 696 2275; x_wconf 91' lang='lat' dir='ltr'><strong>occurrens</strong></span> <span class='ocrx_word' id='word_1_167' title='bbox 715 2217 791 2276; x_wconf 88' lang='lat' dir='ltr'><strong>lace-</strong></span> 
     </span>
     <span class='ocr_line' id='line_1_23' title="bbox 233 2296 476 2354; baseline 0.004 -1"><span class='ocrx_word' id='word_1_168' title='bbox 233 2299 307 2354; x_wconf 86' lang='lat' dir='ltr'><strong>rauit</strong></span> <span class='ocrx_word' id='word_1_169' title='bbox 320 2313 398 2354; x_wconf 89' lang='lat' dir='ltr'><strong>eum.</strong></span> <span class='ocrx_word' id='word_1_170' title='bbox 437 2296 476 2354; x_wconf 82' lang='lat' dir='ltr'><strong>P.</strong></span> 
     </span>
    </p>

    <p class='ocr_par' dir='ltr' id='par_1_9' title="bbox 232 2377 1388 2868">
     <span class='ocr_line' id='line_1_24' title="bbox 268 2377 1374 2458; baseline 0.005 -24"><span class='ocrx_word' id='word_1_171' title='bbox 268 2392 345 2452; x_wconf 68' lang='lat'><strong>503.</strong></span> <span class='ocrx_word' id='word_1_172' title='bbox 382 2377 519 2455; x_wconf 90' lang='lat' dir='ltr'>Quique</span> <span class='ocrx_word' id='word_1_173' title='bbox 560 2378 788 2455; x_wconf 86' lang='lat' dir='ltr'><strong>Lycurgiden.</strong></span> <span class='ocrx_word' id='word_1_174' title='bbox 871 2379 1009 2441; x_wconf 78' lang='lat' dir='ltr'><strong>&#39;Ancaeus</strong></span> <span class='ocrx_word' id='word_1_175' title='bbox 1033 2380 1150 2458; x_wconf 86' lang='lat' dir='ltr'><strong>Licurgi</strong></span> <span class='ocrx_word' id='word_1_176' title='bbox 1169 2382 1250 2442; x_wconf 65' lang='lat' dir='ltr'><strong>tlilius</strong></span> <span class='ocrx_word' id='word_1_177' title='bbox 1271 2381 1374 2442; x_wconf 58' lang='lat' dir='ltr'><strong>a‘Cali</strong></span> 
     </span>
     <span class='ocr_line' id='line_1_25' title="bbox 234 2458 1336 2539; baseline 0.005 -23"><span class='ocrx_word' id='word_1_178' title='bbox 234 2458 374 2518; x_wconf 78' lang='lat' dir='ltr'><strong>Ancaeus</strong></span> <span class='ocrx_word' id='word_1_179' title='bbox 395 2460 469 2518; x_wconf 86' lang='lat' dir='ltr'><strong>filius</strong></span> <span class='ocrx_word' id='word_1_180' title='bbox 489 2460 604 2537; x_wconf 82' lang='lat' dir='ltr'><strong>Licurgi</strong></span> <span class='ocrx_word' id='word_1_181' title='bbox 617 2471 654 2520; x_wconf 87' lang='lat' dir='ltr'><strong>et</strong></span> <span class='ocrx_word' id='word_1_182' title='bbox 673 2461 788 2521; x_wconf 90' lang='lat' dir='ltr'><strong>Adonis</strong></span> <span class='ocrx_word' id='word_1_183' title='bbox 830 2463 921 2522; x_wconf 92' lang='lat' dir='ltr'><strong>donio</strong></span> <span class='ocrx_word' id='word_1_184' title='bbox 935 2481 1008 2539; x_wconf 89' lang='lat' dir='ltr'><strong>apro</strong></span> <span class='ocrx_word' id='word_1_185' title='bbox 1022 2463 1189 2522; x_wconf 89' lang='lat' dir='ltr'><strong>interfectus</strong></span> <span class='ocrx_word' id='word_1_186' title='bbox 1203 2474 1254 2523; x_wconf 91' lang='lat' dir='ltr'><strong>est.</strong></span> <span class='ocrx_word' id='word_1_187' title='bbox 1296 2463 1336 2522; x_wconf 87' lang='lat' dir='ltr'><strong>P.</strong></span> 
     </span>
     <span class='ocr_line' id='line_1_26' title="bbox 232 2541 1387 2624; baseline 0.006 -27"><span class='ocrx_word' id='word_1_188' title='bbox 232 2541 311 2599; x_wconf 78' lang='lat' dir='ltr'><strong>lilius</strong></span> <span class='ocrx_word' id='word_1_189' title='bbox 326 2541 443 2613; x_wconf 80' lang='lat' dir='ltr'><strong>Minae,</strong></span> <span class='ocrx_word' id='word_1_190' title='bbox 458 2543 488 2599; x_wconf 92' lang='lat' dir='ltr'><strong>in</strong></span> <span class='ocrx_word' id='word_1_191' title='bbox 503 2543 637 2600; x_wconf 84' lang='lat' dir='ltr'><strong>arborem</strong></span> <span class='ocrx_word' id='word_1_192' title='bbox 651 2551 788 2614; x_wconf 89' lang='lat' dir='ltr'><strong>mutatae,</strong></span> <span class='ocrx_word' id='word_1_193' title='bbox 870 2545 954 2603; x_wconf 85' lang='lat' dir='ltr'><strong>idem</strong></span> <span class='ocrx_word' id='word_1_194' title='bbox 979 2545 1067 2604; x_wconf 90' lang='lat' dir='ltr'><strong>etiam</strong></span> <span class='ocrx_word' id='word_1_195' title='bbox 1091 2563 1161 2620; x_wconf 89' lang='lat' dir='ltr'><strong>aper</strong></span> <span class='ocrx_word' id='word_1_196' title='bbox 1181 2542 1387 2624; x_wconf 82' lang='lat' dir='ltr'><strong>(Calydonius)</strong></span> 
     </span>
     <span class='ocr_line' id='line_1_27' title="bbox 234 2622 1388 2701; baseline 0.004 -20"><span class='ocrx_word' id='word_1_197' title='bbox 234 2633 266 2681; x_wconf 90' lang='lat' dir='ltr'><strong>et</strong></span> <span class='ocrx_word' id='word_1_198' title='bbox 281 2622 416 2694; x_wconf 86' lang='lat' dir='ltr'><strong>Cinarae,</strong></span> <span class='ocrx_word' id='word_1_199' title='bbox 431 2633 459 2682; x_wconf 89' lang='lat' dir='ltr'><strong>et</strong></span> <span class='ocrx_word' id='word_1_200' title='bbox 476 2623 585 2682; x_wconf 90' lang='lat' dir='ltr'><strong>ldmon</strong></span> <span class='ocrx_word' id='word_1_201' title='bbox 607 2623 791 2682; x_wconf 86' lang='lat' dir='ltr'><strong>audacissimi</strong></span> <span class='ocrx_word' id='word_1_202' title='bbox 832 2625 983 2685; x_wconf 86' lang='lat' dir='ltr'><strong>Ancaeum</strong></span> <span class='ocrx_word' id='word_1_203' title='bbox 1020 2625 1192 2701; x_wconf 87' lang='lat' dir='ltr'><strong>Licurgiden</strong></span> <span class='ocrx_word' id='word_1_204' title='bbox 1230 2626 1388 2687; x_wconf 81' lang='lat' dir='ltr'><strong>Arcadcum</strong></span> 
     </span>
     <span class='ocr_line' id='line_1_28' title="bbox 234 2703 1388 2784; baseline 0.005 -24"><span class='ocrx_word' id='word_1_205' title='bbox 234 2703 351 2762; x_wconf 82' lang='lat' dir='ltr'><strong>fuerunt</strong></span> <span class='ocrx_word' id='word_1_206' title='bbox 365 2714 519 2763; x_wconf 88' lang='lat' dir='ltr'><strong>uenatores</strong></span> <span class='ocrx_word' id='word_1_207' title='bbox 533 2715 562 2763; x_wconf 92' lang='lat' dir='ltr'><strong>et</strong></span> <span class='ocrx_word' id='word_1_208' title='bbox 576 2704 613 2762; x_wconf 87' lang='lat' dir='ltr'><strong>ab</strong></span> <span class='ocrx_word' id='word_1_209' title='bbox 634 2706 711 2782; x_wconf 87' lang='lat' dir='ltr'><strong>apris</strong></span> <span class='ocrx_word' id='word_1_210' title='bbox 725 2725 791 2782; x_wconf 91' lang='lat' dir='ltr'><strong>per·</strong></span> <span class='ocrx_word' id='word_1_211' title='bbox 823 2707 887 2766; x_wconf 87' lang='lat' dir='ltr'><strong>sibi</strong></span> <span class='ocrx_word' id='word_1_212' title='bbox 902 2725 970 2766; x_wconf 89' lang='lat' dir='ltr'><strong>cum</strong></span> <span class='ocrx_word' id='word_1_213' title='bbox 985 2708 1105 2784; x_wconf 91' lang='lat' dir='ltr'><strong>bipenni</strong></span> <span class='ocrx_word' id='word_1_214' title='bbox 1120 2718 1322 2768; x_wconf 86' lang='lat' dir='ltr'><strong>occurrentem</strong></span> <span class='ocrx_word' id='word_1_215' title='bbox 1336 2726 1388 2767; x_wconf 92' lang='lat' dir='ltr'><strong>oc·</strong></span> 
     </span>
     <span class='ocr_line' id='line_1_29' title="bbox 234 2785 1287 2868; baseline 0.006 -26"><span class='ocrx_word' id='word_1_216' title='bbox 234 2786 336 2843; x_wconf 90' lang='lat' dir='ltr'><strong>ierunt.</strong></span> <span class='ocrx_word' id='word_1_217' title='bbox 383 2785 419 2844; x_wconf 73' lang='lat' dir='ltr'><strong>G.</strong></span> <span class='ocrx_word' id='word_1_218' title='bbox 822 2789 909 2848; x_wconf 56' lang='lat' dir='ltr'><strong>ecidit.</strong></span> <span class='ocrx_word' id='word_1_219' title='bbox 952 2788 1086 2848; x_wconf 76' lang='lat' dir='ltr'><strong>Maras.</strong></span> <span class='ocrx_word' id='word_1_220' title='bbox 1101 2809 1129 2848; x_wconf 86' lang='lat' dir='ltr'><strong>cc.</strong></span> <span class='ocrx_word' id='word_1_221' title='bbox 1144 2789 1287 2868; x_wconf 88' lang='lat' dir='ltr'><strong>Ythmon.</strong></span> 
     </span>
    </p>

    <p class='ocr_par' dir='ltr' id='par_1_10' title="bbox 233 2866 1388 3030">
     <span class='ocr_line' id='line_1_30' title="bbox 277 2866 1388 2948; baseline 0.005 -24"><span class='ocrx_word' id='word_1_222' title='bbox 277 2882 345 2940; x_wconf 71' lang='lat'><strong><em>505.</em></strong></span> <span class='ocrx_word' id='word_1_223' title='bbox 381 2868 486 2944; x_wconf 80' lang='lat' dir='ltr'><strong>Isque</strong></span> <span class='ocrx_word' id='word_1_224' title='bbox 518 2866 575 2926; x_wconf 90' lang='lat' dir='ltr'><strong>uel</strong></span> <span class='ocrx_word' id='word_1_225' title='bbox 609 2868 788 2928; x_wconf 73' lang='lat' dir='ltr'><strong>exanimis.</strong></span> <span class='ocrx_word' id='word_1_226' title='bbox 871 2869 961 2946; x_wconf 91' lang='lat' dir='ltr'><strong>Apud</strong></span> <span class='ocrx_word' id='word_1_227' title='bbox 975 2870 1112 2934; x_wconf 87' lang='lat' dir='ltr'><strong>†Cariam</strong></span> <span class='ocrx_word' id='word_1_228' title='bbox 1131 2870 1184 2929; x_wconf 88' lang='lat' dir='ltr'><strong>suit</strong></span> <span class='ocrx_word' id='word_1_229' title='bbox 1202 2871 1322 2948; x_wconf 80' lang='lat' dir='ltr'><strong>quidam</strong></span> <span class='ocrx_word' id='word_1_230' title='bbox 1336 2888 1388 2930; x_wconf 92' lang='lat' dir='ltr'><strong>ue·</strong></span> 
     </span>
     <span class='ocr_line' id='line_1_31' title="bbox 233 2945 1388 3030; baseline 0.006 -24"><span class='ocrx_word' id='word_1_231' title='bbox 233 2945 337 3007; x_wconf 90' lang='lat' dir='ltr'><strong>Thoas</strong></span> <span class='ocrx_word' id='word_1_232' title='bbox 351 2950 470 3025; x_wconf 90' lang='lat' dir='ltr'><strong>quidam</strong></span> <span class='ocrx_word' id='word_1_233' title='bbox 487 2960 610 3008; x_wconf 91' lang='lat' dir='ltr'><strong>uenator</strong></span> <span class='ocrx_word' id='word_1_234' title='bbox 623 2960 712 3026; x_wconf 87' lang='lat' dir='ltr'><strong>caput</strong></span> <span class='ocrx_word' id='word_1_235' title='bbox 726 2951 789 3026; x_wconf 86' lang='lat' dir='ltr'><strong>apri</strong></span> <span class='ocrx_word' id='word_1_236' title='bbox 831 2961 924 3024; x_wconf 85' lang='lat' dir='ltr'><strong>nator,</strong></span> <span class='ocrx_word' id='word_1_237' title='bbox 946 2951 1058 3012; x_wconf 86' lang='lat' dir='ltr'><strong>Thoon</strong></span> <span class='ocrx_word' id='word_1_238' title='bbox 1079 2953 1208 3025; x_wconf 89' lang='lat' dir='ltr'><strong>nomine,</strong></span> <span class='ocrx_word' id='word_1_239' title='bbox 1229 2953 1280 3030; x_wconf 91' lang='lat' dir='ltr'><strong>qui</strong></span> <span class='ocrx_word' id='word_1_240' title='bbox 1300 2963 1388 3029; x_wconf 90' lang='lat' dir='ltr'><strong>caput</strong></span> 
     </span>
    </p>
   </div>
   <div class='ocr_carea' id='block_1_3' title="bbox 232 3127 1389 4548">
    <p class='ocr_par' dir='ltr' id='par_1_11' title="bbox 232 3127 1389 3904">
     <span class='ocr_line' id='line_1_32' title="bbox 233 3127 1389 3198; baseline 0.006 -16"><span class='ocrx_word' id='word_1_241' title='bbox 233 3131 371 3184; x_wconf 85' lang='lat' dir='ltr'><strong>nentesG</strong></span> <span class='ocrx_word' id='word_1_242' title='bbox 457 3127 499 3198; x_wconf 91' lang='lat' dir='ltr'><strong>se]</strong></span> <span class='ocrx_word' id='word_1_243' title='bbox 519 3132 609 3184; x_wconf 89' lang='lat' dir='ltr'><strong>am.C</strong></span> <span class='ocrx_word' id='word_1_244' title='bbox 694 3131 761 3184; x_wconf 92' lang='lat' dir='ltr'><strong>lindi</strong></span> <span class='ocrx_word' id='word_1_245' title='bbox 779 3132 989 3186; x_wconf 83' lang='lat' dir='ltr'><strong>execratorisP</strong></span> <span class='ocrx_word' id='word_1_246' title='bbox 1079 3133 1145 3186; x_wconf 91' lang='lat' dir='ltr'><strong>lindi</strong></span> <span class='ocrx_word' id='word_1_247' title='bbox 1160 3138 1185 3187; x_wconf 90' lang='lat' dir='ltr'><em>P</em></span> <span class='ocrx_word' id='word_1_248' title='bbox 1278 3131 1389 3193; x_wconf 61' lang='lat' dir='ltr'><strong>amate</strong></span> 
     </span>
     <span class='ocr_line' id='line_1_33' title="bbox 233 3201 1386 3273; baseline 0.006 -20"><span class='ocrx_word' id='word_1_249' title='bbox 233 3201 357 3254; x_wconf 90' lang='lat' dir='ltr'><strong>dicentes</strong></span> <span class='ocrx_word' id='word_1_250' title='bbox 370 3204 394 3253; x_wconf 93' lang='lat' dir='ltr'><em>P</em></span> <span class='ocrx_word' id='word_1_251' title='bbox 450 3203 555 3254; x_wconf 76' lang='lat' dir='ltr'><strong>,Eadem</strong></span> <span class='ocrx_word' id='word_1_252' title='bbox 567 3203 644 3254; x_wconf 84' lang='lat' dir='ltr'><strong>habes</strong></span> <span class='ocrx_word' id='word_1_253' title='bbox 656 3203 734 3255; x_wconf 82' lang='lat' dir='ltr'><strong>Mure</strong></span> <span class='ocrx_word' id='word_1_254' title='bbox 746 3202 825 3255; x_wconf 95' lang='lat' dir='ltr'><strong>Lidie</strong></span> <span class='ocrx_word' id='word_1_255' title='bbox 839 3203 956 3270; x_wconf 85' lang='lat' dir='ltr'><strong>uirgines</strong></span> <span class='ocrx_word' id='word_1_256' title='bbox 970 3204 1054 3256; x_wconf 63' lang='lat' dir='ltr'><strong>nimis,</strong></span> <span class='ocrx_word' id='word_1_257' title='bbox 1059 3211 1126 3273; x_wconf 85' lang='lat' dir='ltr'><strong>pote</strong></span> <span class='ocrx_word' id='word_1_258' title='bbox 1138 3205 1294 3271; x_wconf 83' lang='lat' dir='ltr'><strong>sugestione</strong></span> <span class='ocrx_word' id='word_1_259' title='bbox 1305 3206 1386 3260; x_wconf 90' lang='lat' dir='ltr'><strong>bachi</strong></span> 
     </span>
     <span class='ocr_line' id='line_1_34' title="bbox 234 3271 1387 3343; baseline 0.005 -19"><span class='ocrx_word' id='word_1_260' title='bbox 234 3272 278 3324; x_wconf 88' lang='lat' dir='ltr'><strong>cui</strong></span> <span class='ocrx_word' id='word_1_261' title='bbox 295 3271 419 3324; x_wconf 88' lang='lat' dir='ltr'><strong>fecerant</strong></span> <span class='ocrx_word' id='word_1_262' title='bbox 438 3274 564 3326; x_wconf 87' lang='lat' dir='ltr'><strong>conuiuia</strong></span> <span class='ocrx_word' id='word_1_263' title='bbox 579 3273 740 3343; x_wconf 76' lang='lat' dir='ltr'><strong>(iconuitia)</strong></span> <span class='ocrx_word' id='word_1_264' title='bbox 755 3274 790 3327; x_wconf 93' lang='lat' dir='ltr'><strong>de</strong></span> <span class='ocrx_word' id='word_1_265' title='bbox 808 3279 904 3326; x_wconf 90' lang='lat' dir='ltr'><strong>monte</strong></span> <span class='ocrx_word' id='word_1_266' title='bbox 922 3290 951 3327; x_wconf 91' lang='lat' dir='ltr'><strong>se</strong></span> <span class='ocrx_word' id='word_1_267' title='bbox 969 3276 1195 3343; x_wconf 79' lang='lat' dir='ltr'><strong>praecipitabant.</strong></span> <span class='ocrx_word' id='word_1_268' title='bbox 1231 3278 1311 3330; x_wconf 88' lang='lat' dir='ltr'><strong>aliter</strong></span> <span class='ocrx_word' id='word_1_269' title='bbox 1322 3277 1387 3330; x_wconf 91' lang='lat' dir='ltr'><strong>her-</strong></span> 
     </span>
     <span class='ocr_line' id='line_1_35' title="bbox 233 3342 1387 3412; baseline 0.006 -17"><span class='ocrx_word' id='word_1_270' title='bbox 233 3343 310 3396; x_wconf 91' lang='lat' dir='ltr'><strong>cules</strong></span> <span class='ocrx_word' id='word_1_271' title='bbox 329 3342 470 3395; x_wconf 91' lang='lat' dir='ltr'><strong>cuiusdam</strong></span> <span class='ocrx_word' id='word_1_272' title='bbox 491 3344 658 3397; x_wconf 83' lang='lat' dir='ltr'><strong>execratoris</strong></span> <span class='ocrx_word' id='word_1_273' title='bbox 683 3350 792 3412; x_wconf 89' lang='lat' dir='ltr'><strong>raptum</strong></span> <span class='ocrx_word' id='word_1_274' title='bbox 814 3344 916 3397; x_wconf 89' lang='lat' dir='ltr'><strong>bouem</strong></span> <span class='ocrx_word' id='word_1_275' title='bbox 936 3346 1040 3398; x_wconf 88' lang='lat' dir='ltr'><strong>occidit</strong></span> <span class='ocrx_word' id='word_1_276' title='bbox 1061 3348 1192 3401; x_wconf 79' lang='lat' dir='ltr'><strong>comedit.</strong></span> <span class='ocrx_word' id='word_1_277' title='bbox 1246 3347 1341 3401; x_wconf 92' lang='lat' dir='ltr'><strong>diceus</strong></span> <span class='ocrx_word' id='word_1_278' title='bbox 1356 3364 1387 3402; x_wconf 91' lang='lat' dir='ltr'><strong>se</strong></span> 
     </span>
     <span class='ocr_line' id='line_1_36' title="bbox 233 3414 1386 3482; baseline 0.005 -16"><span class='ocrx_word' id='word_1_279' title='bbox 233 3429 374 3481; x_wconf 87' lang='lat' dir='ltr'><strong>nunquam</strong></span> <span class='ocrx_word' id='word_1_280' title='bbox 388 3414 484 3466; x_wconf 92' lang='lat' dir='ltr'><strong>melius</strong></span> <span class='ocrx_word' id='word_1_281' title='bbox 496 3415 636 3482; x_wconf 89' lang='lat' dir='ltr'><strong>epulatum</strong></span> <span class='ocrx_word' id='word_1_282' title='bbox 649 3430 732 3481; x_wconf 91' lang='lat' dir='ltr'><strong>quern</strong></span> <span class='ocrx_word' id='word_1_283' title='bbox 750 3431 856 3468; x_wconf 91' lang='lat' dir='ltr'><strong>morem</strong></span> <span class='ocrx_word' id='word_1_284' title='bbox 876 3415 923 3468; x_wconf 94' lang='lat' dir='ltr'><strong>lidi</strong></span> <span class='ocrx_word' id='word_1_285' title='bbox 938 3417 966 3468; x_wconf 91' lang='lat' dir='ltr'><strong>id</strong></span> <span class='ocrx_word' id='word_1_286' title='bbox 978 3423 1021 3470; x_wconf 89' lang='lat' dir='ltr'><strong>est</strong></span> <span class='ocrx_word' id='word_1_287' title='bbox 1033 3416 1157 3471; x_wconf 91' lang='lat' dir='ltr'><strong>homines</strong></span> <span class='ocrx_word' id='word_1_288' title='bbox 1169 3418 1204 3472; x_wconf 94' lang='lat' dir='ltr'><strong>de</strong></span> <span class='ocrx_word' id='word_1_289' title='bbox 1216 3415 1280 3472; x_wconf 89' lang='lat' dir='ltr'><strong>lidia</strong></span> <span class='ocrx_word' id='word_1_290' title='bbox 1293 3436 1386 3472; x_wconf 88' lang='lat' dir='ltr'><strong>serua·</strong></span> 
     </span>
     <span class='ocr_line' id='line_1_37' title="bbox 233 3483 1387 3558; baseline 0.005 -21"><span class='ocrx_word' id='word_1_291' title='bbox 233 3489 333 3537; x_wconf 90' lang='lat' dir='ltr'><strong>uerant</strong></span> <span class='ocrx_word' id='word_1_292' title='bbox 352 3490 382 3538; x_wconf 88' lang='lat' dir='ltr'><strong>et</strong></span> <span class='ocrx_word' id='word_1_293' title='bbox 401 3483 422 3553; x_wconf 78' lang='lat' dir='ltr'><strong>(i</strong></span> <span class='ocrx_word' id='word_1_294' title='bbox 431 3484 467 3553; x_wconf 93' lang='lat' dir='ltr'><strong>ei)</strong></span> <span class='ocrx_word' id='word_1_295' title='bbox 487 3485 683 3538; x_wconf 86' lang='lat' dir='ltr'><strong>maledicentes</strong></span> <span class='ocrx_word' id='word_1_296' title='bbox 702 3486 755 3538; x_wconf 91' lang='lat' dir='ltr'><strong>deo</strong></span> <span class='ocrx_word' id='word_1_297' title='bbox 774 3502 830 3538; x_wconf 91' lang='lat' dir='ltr'><strong>uno</strong></span> <span class='ocrx_word' id='word_1_298' title='bbox 848 3502 921 3540; x_wconf 89' lang='lat' dir='ltr'><strong>anno</strong></span> <span class='ocrx_word' id='word_1_299' title='bbox 938 3487 1094 3540; x_wconf 86' lang='lat' dir='ltr'><strong>intermisso</strong></span> <span class='ocrx_word' id='word_1_300' title='bbox 1112 3489 1190 3541; x_wconf 88' lang='lat' dir='ltr'><strong>furor</strong></span> <span class='ocrx_word' id='word_1_301' title='bbox 1206 3489 1387 3558; x_wconf 87' lang='lat' dir='ltr'><strong>precipitandi</strong></span> 
     </span>
     <span class='ocr_line' id='line_1_38' title="bbox 233 3554 1383 3628; baseline 0.003 -20"><span class='ocrx_word' id='word_1_302' title='bbox 233 3554 359 3608; x_wconf 89' lang='lat' dir='ltr'><strong>obiectus</strong></span> <span class='ocrx_word' id='word_1_303' title='bbox 371 3561 413 3608; x_wconf 90' lang='lat' dir='ltr'><strong>est</strong></span> <span class='ocrx_word' id='word_1_304' title='bbox 426 3556 575 3622; x_wconf 89' lang='lat' dir='ltr'><strong>uirginibus</strong></span> <span class='ocrx_word' id='word_1_305' title='bbox 587 3561 617 3608; x_wconf 88' lang='lat' dir='ltr'><strong>et</strong></span> <span class='ocrx_word' id='word_1_306' title='bbox 630 3555 755 3609; x_wconf 91' lang='lat' dir='ltr'><strong>inmissus</strong></span> <span class='ocrx_word' id='word_1_307' title='bbox 808 3557 925 3612; x_wconf 76' lang='lat' dir='ltr'><strong>Historia</strong></span> <span class='ocrx_word' id='word_1_308' title='bbox 937 3568 1010 3612; x_wconf 83' lang='lat' dir='ltr'><strong>extat</strong></span> <span class='ocrx_word' id='word_1_309' title='bbox 1022 3571 1064 3628; x_wconf 82' lang='lat' dir='ltr'><strong>ap.</strong></span> <span class='ocrx_word' id='word_1_310' title='bbox 1078 3560 1168 3613; x_wconf 84' lang='lat' dir='ltr'><strong>Canon.</strong></span> <span class='ocrx_word' id='word_1_311' title='bbox 1182 3577 1222 3626; x_wconf 81' lang='lat'><strong>11,</strong></span> <span class='ocrx_word' id='word_1_312' title='bbox 1232 3562 1308 3615; x_wconf 80' lang='lat' dir='ltr'><strong>Lacr.</strong></span> <span class='ocrx_word' id='word_1_313' title='bbox 1318 3564 1340 3614; x_wconf 85' lang='grc' dir='ltr'><strong>Ι.</strong></span> <span class='ocrx_word' id='word_1_314' title='bbox 1352 3579 1383 3613; x_wconf 83' lang='lat'><strong>21</strong></span> 
     </span>
     <span class='ocr_line' id='line_1_39' title="bbox 233 3625 1386 3698; baseline 0.003 -18"><span class='ocrx_word' id='word_1_315' title='bbox 233 3626 298 3680; x_wconf 84' lang='lat' dir='ltr'><strong>unde</strong></span> <span class='ocrx_word' id='word_1_316' title='bbox 309 3626 424 3678; x_wconf 85' lang='lat' dir='ltr'><strong>aratoris</strong></span> <span class='ocrx_word' id='word_1_317' title='bbox 439 3625 575 3696; x_wconf 79' lang='grc' dir='ltr'>(ἀροτῆρος</span> <span class='ocrx_word' id='word_1_318' title='bbox 588 3626 703 3696; x_wconf 82' lang='grc' dir='ltr'>Λινδίου)</span> <span class='ocrx_word' id='word_1_319' title='bbox 716 3630 825 3681; x_wconf 84' lang='lat' dir='ltr'><strong>restitui.</strong></span> <span class='ocrx_word' id='word_1_320' title='bbox 861 3629 908 3681; x_wconf 79' lang='lat' dir='ltr'><strong>Aa</strong></span> <span class='ocrx_word' id='word_1_321' title='bbox 919 3630 963 3682; x_wconf 89' lang='lat' dir='ltr'><strong>has</strong></span> <span class='ocrx_word' id='word_1_322' title='bbox 977 3647 1064 3682; x_wconf 83' lang='lat' dir='ltr'><strong>uersus</strong></span> <span class='ocrx_word' id='word_1_323' title='bbox 1078 3631 1164 3683; x_wconf 81' lang='lat' dir='ltr'><strong>Ouidii</strong></span> <span class='ocrx_word' id='word_1_324' title='bbox 1172 3632 1292 3698; x_wconf 82' lang='lat' dir='ltr'><strong>fhrtasse</strong></span> <span class='ocrx_word' id='word_1_325' title='bbox 1304 3633 1386 3696; x_wconf 76' lang='lat' dir='ltr'><strong>refir-</strong></span> 
     </span>
     <span class='ocr_line' id='line_1_40' title="bbox 232 3697 1387 3768; baseline 0.003 -18"><span class='ocrx_word' id='word_1_326' title='bbox 232 3697 322 3750; x_wconf 87' lang='lat' dir='ltr'><strong>endum</strong></span> <span class='ocrx_word' id='word_1_327' title='bbox 335 3708 392 3750; x_wconf 85' lang='lat' dir='ltr'><strong>crat</strong></span> <span class='ocrx_word' id='word_1_328' title='bbox 396 3699 503 3766; x_wconf 86' lang='lat' dir='ltr'><strong>fragm.</strong></span> <span class='ocrx_word' id='word_1_329' title='bbox 517 3697 716 3750; x_wconf 84' lang='lat' dir='ltr'><strong>Callimacheam</strong></span> <span class='ocrx_word' id='word_1_330' title='bbox 731 3699 816 3766; x_wconf 81' lang='lat' dir='ltr'><strong>(anan.</strong></span> <span class='ocrx_word' id='word_1_331' title='bbox 828 3697 890 3767; x_wconf 86' lang='lat'>281)</span> <span class='ocrx_word' id='word_1_332' title='bbox 903 3702 999 3767; x_wconf 85' lang='grc' dir='ltr'>Κοῦροι</span> <span class='ocrx_word' id='word_1_333' title='bbox 1010 3699 1127 3768; x_wconf 85' lang='grc' dir='ltr'>πετράων</span> <span class='ocrx_word' id='word_1_334' title='bbox 1137 3703 1230 3768; x_wconf 77' lang='grc' dir='ltr'>ἤριπον</span> <span class='ocrx_word' id='word_1_335' title='bbox 1241 3701 1271 3767; x_wconf 82' lang='grc' dir='ltr'><strong>ἐξ</strong></span> <span class='ocrx_word' id='word_1_336' title='bbox 1284 3701 1387 3755; x_wconf 83' lang='grc' dir='ltr'>ὑπάτων</span> 
     </span>
     <span class='ocr_line' id='line_1_41' title="bbox 233 3767 1386 3838; baseline 0.005 -18"><span class='ocrx_word' id='word_1_337' title='bbox 233 3767 278 3837; x_wconf 85' lang='grc'><strong>(0.</strong></span> <span class='ocrx_word' id='word_1_338' title='bbox 291 3769 431 3821; x_wconf 80' lang='lat' dir='ltr'><strong>Schneider.</strong></span> <span class='ocrx_word' id='word_1_339' title='bbox 445 3771 482 3821; x_wconf 89' lang='grc' dir='ltr'><strong>ΙΙ.</strong></span> <span class='ocrx_word' id='word_1_340' title='bbox 490 3780 534 3837; x_wconf 83' lang='lat' dir='ltr'><strong>pp.</strong></span> <span class='ocrx_word' id='word_1_341' title='bbox 549 3773 592 3835; x_wconf 83' lang='lat'><strong>98,</strong></span> <span class='ocrx_word' id='word_1_342' title='bbox 605 3769 679 3836; x_wconf 79' lang='lat'><strong><em>759.)</em></strong></span> <span class='ocrx_word' id='word_1_343' title='bbox 717 3770 853 3838; x_wconf 80' lang='lat' dir='ltr'><strong>Saluagaii</strong></span> <span class='ocrx_word' id='word_1_344' title='bbox 869 3771 979 3823; x_wconf 86' lang='lat' dir='ltr'><strong>schalian</strong></span> <span class='ocrx_word' id='word_1_345' title='bbox 994 3769 1114 3832; x_wconf 79' lang='lat' dir='ltr'><strong>ficticium</strong></span> <span class='ocrx_word' id='word_1_346' title='bbox 1133 3772 1223 3825; x_wconf 87' lang='lat' dir='ltr'><strong>creda:</strong></span> <span class='ocrx_word' id='word_1_347' title='bbox 1246 3791 1295 3825; x_wconf 92' lang='lat' dir='ltr'><strong>non</strong></span> <span class='ocrx_word' id='word_1_348' title='bbox 1312 3783 1386 3826; x_wconf 82' lang='lat' dir='ltr'><strong>extat</strong></span> 
     </span>
     <span class='ocr_line' id='line_1_42' title="bbox 233 3839 504 3904; baseline 0 -12"><span class='ocrx_word' id='word_1_349' title='bbox 233 3841 260 3892; x_wconf 79' lang='lat' dir='ltr'><strong>in</strong></span> <span class='ocrx_word' id='word_1_350' title='bbox 272 3839 310 3892; x_wconf 89' lang='lat' dir='ltr'><strong>ed.</strong></span> <span class='ocrx_word' id='word_1_351' title='bbox 324 3841 412 3891; x_wconf 83' lang='lat' dir='ltr'><strong>Paris.</strong></span> <span class='ocrx_word' id='word_1_352' title='bbox 428 3854 504 3904; x_wconf 85' lang='lat'><strong><em>1573.</em></strong></span> 
     </span>
    </p>

    <p class='ocr_par' dir='ltr' id='par_1_12' title="bbox 233 3908 1386 4050">
     <span class='ocr_line' id='line_1_43' title="bbox 270 3908 1386 3981; baseline 0.006 -21"><span class='ocrx_word' id='word_1_353' title='bbox 270 3927 331 3974; x_wconf 83' lang='lat'><strong><em>501.</em></strong></span> <span class='ocrx_word' id='word_1_354' title='bbox 349 3908 534 3962; x_wconf 86' lang='lat' dir='ltr'><strong>ambrachiam</strong></span> <span class='ocrx_word' id='word_1_355' title='bbox 552 3911 600 3964; x_wconf 90' lang='lat' dir='ltr'><strong>PC</strong></span> <span class='ocrx_word' id='word_1_356' title='bbox 660 3910 796 3964; x_wconf 78' lang='lat' dir='ltr'><strong>‘tacituG</strong></span> <span class='ocrx_word' id='word_1_357' title='bbox 865 3911 965 3964; x_wconf 79' lang='lat' dir='ltr'><strong>Eadem</strong></span> <span class='ocrx_word' id='word_1_358' title='bbox 976 3923 1019 3980; x_wconf 85' lang='lat' dir='ltr'><strong>ap.</strong></span> <span class='ocrx_word' id='word_1_359' title='bbox 1031 3911 1110 3965; x_wconf 82' lang='lat' dir='ltr'><strong>Mare</strong></span> <span class='ocrx_word' id='word_1_360' title='bbox 1126 3912 1177 3964; x_wconf 83' lang='lat' dir='ltr'><strong>nisi</strong></span> <span class='ocrx_word' id='word_1_361' title='bbox 1194 3913 1259 3980; x_wconf 87' lang='lat' dir='ltr'><strong>quad</strong></span> <span class='ocrx_word' id='word_1_362' title='bbox 1271 3915 1386 3981; x_wconf 88' lang='lat' dir='ltr'><strong>Pegasus</strong></span> 
     </span>
     <span class='ocr_line' id='line_1_44' title="bbox 233 3981 527 4050; baseline 0 -16"><span class='ocrx_word' id='word_1_363' title='bbox 233 3981 274 4034; x_wconf 82' lang='lat' dir='ltr'><strong>uel</strong></span> <span class='ocrx_word' id='word_1_364' title='bbox 285 3984 412 4050; x_wconf 86' lang='lat' dir='ltr'><strong>Pegaseas</strong></span> <span class='ocrx_word' id='word_1_365' title='bbox 424 3981 527 4034; x_wconf 86' lang='lat' dir='ltr'><strong>dicitnr.</strong></span> 
     </span>
    </p>

    <p class='ocr_par' dir='ltr' id='par_1_13' title="bbox 232 4051 1388 4476">
     <span class='ocr_line' id='line_1_45' title="bbox 270 4051 1388 4118; baseline 0.005 -16"><span class='ocrx_word' id='word_1_366' title='bbox 270 4068 332 4116; x_wconf 86' lang='lat'><strong>503.</strong></span> <span class='ocrx_word' id='word_1_367' title='bbox 350 4051 445 4117; x_wconf 88' lang='lat' dir='ltr'><strong>ligurgi</strong></span> <span class='ocrx_word' id='word_1_368' title='bbox 459 4053 483 4104; x_wconf 89' lang='lat' dir='ltr'><em>G</em></span> <span class='ocrx_word' id='word_1_369' title='bbox 540 4057 653 4104; x_wconf 91' lang='lat' dir='ltr'><strong>anteum</strong></span> <span class='ocrx_word' id='word_1_370' title='bbox 665 4051 826 4118; x_wconf 86' lang='lat' dir='ltr'><strong>ligurgidem</strong></span> <span class='ocrx_word' id='word_1_371' title='bbox 838 4051 1093 4106; x_wconf 84' lang='lat' dir='ltr'><strong>archadeum-Mure</strong></span> <span class='ocrx_word' id='word_1_372' title='bbox 1154 4055 1228 4106; x_wconf 82' lang='lat' dir='ltr'><strong>Ficta</strong></span> <span class='ocrx_word' id='word_1_373' title='bbox 1240 4055 1388 4109; x_wconf 66' lang='lat' dir='ltr'><strong>narranti?</strong></span> 
     </span>
     <span class='ocr_line' id='line_1_46' title="bbox 232 4120 1386 4193; baseline 0.003 -19"><span class='ocrx_word' id='word_1_374' title='bbox 232 4141 290 4176; x_wconf 88' lang='lat' dir='ltr'><strong>cum</strong></span> <span class='ocrx_word' id='word_1_375' title='bbox 307 4123 372 4189; x_wconf 81' lang='lat' dir='ltr'><strong>Ask.</strong></span> <span class='ocrx_word' id='word_1_376' title='bbox 390 4133 414 4176; x_wconf 84' lang='lat' dir='ltr'><strong>ct</strong></span> <span class='ocrx_word' id='word_1_377' title='bbox 433 4124 484 4176; x_wconf 85' lang='lat' dir='ltr'><strong>cad.</strong></span> <span class='ocrx_word' id='word_1_378' title='bbox 504 4123 576 4176; x_wconf 84' lang='lat' dir='ltr'><strong>Sala.</strong></span> <span class='ocrx_word' id='word_1_379' title='bbox 645 4123 817 4191; x_wconf 82' lang='lat' dir='ltr'><strong>Amephinus</strong></span> <span class='ocrx_word' id='word_1_380' title='bbox 835 4122 1023 4192; x_wconf 89' lang='lat' dir='ltr'><strong>(Amophanus</strong></span> <span class='ocrx_word' id='word_1_381' title='bbox 1040 4120 1118 4192; x_wconf 79' lang='lat' dir='ltr'><strong>Ask.)</strong></span> <span class='ocrx_word' id='word_1_382' title='bbox 1135 4123 1204 4177; x_wconf 89' lang='lat' dir='ltr'><strong>filius</strong></span> <span class='ocrx_word' id='word_1_383' title='bbox 1222 4127 1386 4193; x_wconf 87' lang='lat' dir='ltr'><strong>ypocoontis</strong></span> 
     </span>
     <span class='ocr_line' id='line_1_47' title="bbox 232 4192 1386 4314; baseline 0.003 -69"><span class='ocrx_word' id='word_1_384' title='bbox 232 4192 429 4314; x_wconf 57' lang='lat' dir='ltr'><strong>yypomeuntos</strong></span> <span class='ocrx_word' id='word_1_385' title='bbox 441 4193 519 4263; x_wconf 83' lang='lat' dir='ltr'><strong>Ack.)</strong></span> <span class='ocrx_word' id='word_1_386' title='bbox 534 4193 569 4246; x_wconf 89' lang='lat' dir='ltr'><strong>de</strong></span> <span class='ocrx_word' id='word_1_387' title='bbox 587 4208 688 4258; x_wconf 82' lang='lat' dir='ltr'><strong>genere</strong></span> <span class='ocrx_word' id='word_1_388' title='bbox 705 4193 809 4262; x_wconf 86' lang='lat' dir='ltr'><strong>lygurgi</strong></span> <span class='ocrx_word' id='word_1_389' title='bbox 826 4199 943 4246; x_wconf 88' lang='lat' dir='ltr'><strong>uenator</strong></span> <span class='ocrx_word' id='word_1_390' title='bbox 956 4195 991 4246; x_wconf 88' lang='lat' dir='ltr'><strong>ab</strong></span> <span class='ocrx_word' id='word_1_391' title='bbox 1008 4211 1075 4262; x_wconf 89' lang='lat' dir='ltr'><strong>apro</strong></span> <span class='ocrx_word' id='word_1_392' title='bbox 1089 4195 1167 4265; x_wconf 86' lang='lat' dir='ltr'><strong>(apto</strong></span> <span class='ocrx_word' id='word_1_393' title='bbox 1179 4193 1215 4263; x_wconf 89' lang='lat' dir='ltr'><strong>C)</strong></span> <span class='ocrx_word' id='word_1_394' title='bbox 1233 4194 1287 4248; x_wconf 84' lang='lat' dir='ltr'><strong>fuit</strong></span> <span class='ocrx_word' id='word_1_395' title='bbox 1298 4195 1386 4248; x_wconf 90' lang='lat' dir='ltr'><strong>inter-</strong></span> 
     </span>
     <span class='ocr_line' id='line_1_48' title="bbox 245 4264 1386 4332; baseline 0.004 -17"><span class='ocrx_word' id='word_1_396' title='bbox 245 4270 322 4316; x_wconf 90' lang='lat' dir='ltr'><strong>ectus</strong></span> <span class='ocrx_word' id='word_1_397' title='bbox 335 4264 392 4318; x_wconf 82' lang='lat' dir='ltr'><strong>Get</strong></span> <span class='ocrx_word' id='word_1_398' title='bbox 404 4265 470 4316; x_wconf 80' lang='lat' dir='ltr'><strong>Ask.</strong></span> <span class='ocrx_word' id='word_1_399' title='bbox 564 4264 651 4330; x_wconf 84' lang='lat' dir='ltr'><strong>tangit</strong></span> <span class='ocrx_word' id='word_1_400' title='bbox 665 4264 756 4317; x_wconf 84' lang='lat' dir='ltr'><strong>Buten</strong></span> <span class='ocrx_word' id='word_1_401' title='bbox 770 4265 890 4332; x_wconf 88' lang='lat' dir='ltr'><strong>Lycurgi</strong></span> <span class='ocrx_word' id='word_1_402' title='bbox 902 4265 985 4316; x_wconf 87' lang='lat' dir='ltr'><strong>filium</strong></span> <span class='ocrx_word' id='word_1_403' title='bbox 1003 4279 1086 4332; x_wconf 90' lang='lat' dir='ltr'><strong>quem</strong></span> <span class='ocrx_word' id='word_1_404' title='bbox 1104 4280 1138 4318; x_wconf 84' lang='lat' dir='ltr'><strong>ex</strong></span> <span class='ocrx_word' id='word_1_405' title='bbox 1154 4265 1252 4318; x_wconf 88' lang='lat' dir='ltr'><strong>arbore</strong></span> <span class='ocrx_word' id='word_1_406' title='bbox 1265 4272 1386 4320; x_wconf 86' lang='lat' dir='ltr'><strong>tractum</strong></span> 
     </span>
     <span class='ocr_line' id='line_1_49' title="bbox 232 4335 1386 4404; baseline 0.004 -18"><span class='ocrx_word' id='word_1_407' title='bbox 232 4349 299 4401; x_wconf 85' lang='lat' dir='ltr'><strong>aper</strong></span> <span class='ocrx_word' id='word_1_408' title='bbox 319 4335 450 4387; x_wconf 86' lang='lat' dir='ltr'><strong>lacerauit</strong></span> <span class='ocrx_word' id='word_1_409' title='bbox 467 4335 527 4390; x_wconf 85' lang='lat' dir='ltr'><strong>Gad.</strong></span> <span class='ocrx_word' id='word_1_410' title='bbox 546 4336 617 4390; x_wconf 86' lang='lat' dir='ltr'><strong>Salu.</strong></span> <span class='ocrx_word' id='word_1_411' title='bbox 655 4338 721 4389; x_wconf 86' lang='lat' dir='ltr'><strong>Vera</strong></span> <span class='ocrx_word' id='word_1_412' title='bbox 739 4335 769 4388; x_wconf 83' lang='lat' dir='ltr'><strong>dc</strong></span> <span class='ocrx_word' id='word_1_413' title='bbox 786 4337 890 4388; x_wconf 87' lang='lat' dir='ltr'><strong>Ancaeo</strong></span> <span class='ocrx_word' id='word_1_414' title='bbox 906 4339 1021 4389; x_wconf 80' lang='lat' dir='ltr'><strong>seruauit</strong></span> <span class='ocrx_word' id='word_1_415' title='bbox 1037 4336 1132 4404; x_wconf 87' lang='lat' dir='ltr'><strong>Mure,·</strong></span> <span class='ocrx_word' id='word_1_416' title='bbox 1156 4337 1221 4390; x_wconf 86' lang='lat' dir='ltr'><strong>idem</strong></span> <span class='ocrx_word' id='word_1_417' title='bbox 1230 4337 1307 4403; x_wconf 88' lang='lat' dir='ltr'><strong>falsa</strong></span> <span class='ocrx_word' id='word_1_418' title='bbox 1324 4340 1386 4392; x_wconf 81' lang='lat' dir='ltr'><strong>dicit</strong></span> 
     </span>
     <span class='ocr_line' id='line_1_50' title="bbox 234 4406 791 4476; baseline 0.004 -20"><span class='ocrx_word' id='word_1_419' title='bbox 234 4407 340 4460; x_wconf 87' lang='lat' dir='ltr'><strong>ldmona</strong></span> <span class='ocrx_word' id='word_1_420' title='bbox 353 4425 371 4458; x_wconf 87' lang='lat' dir='ltr'><strong>a</strong></span> <span class='ocrx_word' id='word_1_421' title='bbox 385 4406 519 4472; x_wconf 78' lang='lat' dir='ltr'><strong>Calydonio</strong></span> <span class='ocrx_word' id='word_1_422' title='bbox 531 4419 594 4475; x_wconf 86' lang='lat' dir='ltr'><strong>apra</strong></span> <span class='ocrx_word' id='word_1_423' title='bbox 606 4408 791 4476; x_wconf 84' lang='lat' dir='ltr'><strong>interemptum.</strong></span> 
     </span>
    </p>

    <p class='ocr_par' dir='ltr' id='par_1_14' title="bbox 270 4476 1383 4548">
     <span class='ocr_line' id='line_1_51' title="bbox 270 4476 1383 4548; baseline 0.004 -20"><span class='ocrx_word' id='word_1_424' title='bbox 270 4493 331 4541; x_wconf 86' lang='lat'><strong><em>505.</em></strong></span> <span class='ocrx_word' id='word_1_425' title='bbox 350 4476 443 4530; x_wconf 88' lang='lat' dir='ltr'><strong>cicidit</strong></span> <span class='ocrx_word' id='word_1_426' title='bbox 456 4478 480 4529; x_wconf 89' lang='lat' dir='ltr'><em>G</em></span> <span class='ocrx_word' id='word_1_427' title='bbox 551 4476 672 4546; x_wconf 88' lang='lat' dir='ltr'><strong>Cariam]</strong></span> <span class='ocrx_word' id='word_1_428' title='bbox 686 4481 737 4531; x_wconf 89' lang='lat' dir='ltr'><strong>ima</strong></span> <span class='ocrx_word' id='word_1_429' title='bbox 750 4476 900 4530; x_wconf 89' lang='lat' dir='ltr'><strong>Lucaniam</strong></span> <span class='ocrx_word' id='word_1_430' title='bbox 912 4479 939 4531; x_wconf 88' lang='lat' dir='ltr'><strong>in</strong></span> <span class='ocrx_word' id='word_1_431' title='bbox 954 4497 1020 4548; x_wconf 86' lang='lat' dir='ltr'><strong>agro</strong></span> <span class='ocrx_word' id='word_1_432' title='bbox 1032 4477 1188 4532; x_wconf 82' lang='lat' dir='ltr'><strong>Posidoniati</strong></span> <span class='ocrx_word' id='word_1_433' title='bbox 1201 4480 1277 4534; x_wconf 87' lang='lat' dir='ltr'><strong>Diod.</strong></span> <span class='ocrx_word' id='word_1_434' title='bbox 1293 4480 1335 4534; x_wconf 88' lang='lat' dir='ltr'><strong>IV.</strong></span> <span class='ocrx_word' id='word_1_435' title='bbox 1351 4498 1383 4533; x_wconf 80' lang='lat' dir='ltr'><strong>ae</strong></span> 
     </span>
    </p>
   </div>
   <div class='ocr_carea' id='block_1_4' title="bbox 234 4547 1385 4616">
    <p class='ocr_par' dir='ltr' id='par_1_15' title="bbox 234 4547 1385 4616">
     <span class='ocr_line' id='line_1_52' title="bbox 234 4547 1385 4616; baseline 0.004 -17"><span class='ocrx_word' id='word_1_436' title='bbox 234 4551 339 4601; x_wconf 88' lang='lat' dir='ltr'><strong>toonP</strong></span> <span class='ocrx_word' id='word_1_437' title='bbox 403 4547 557 4615; x_wconf 88' lang='lat' dir='ltr'><strong>dyanamP</strong></span> <span class='ocrx_word' id='word_1_438' title='bbox 623 4547 769 4601; x_wconf 85' lang='lat' dir='ltr'><strong>dormienti</strong></span> <span class='ocrx_word' id='word_1_439' title='bbox 783 4553 865 4616; x_wconf 86' lang='lat' dir='ltr'><strong>caput</strong></span> <span class='ocrx_word' id='word_1_440' title='bbox 878 4548 1018 4602; x_wconf 85' lang='lat' dir='ltr'><strong>exciditP</strong></span> <span class='ocrx_word' id='word_1_441' title='bbox 1088 4549 1189 4602; x_wconf 83' lang='lat' dir='ltr'><strong>italiam</strong></span> <span class='ocrx_word' id='word_1_442' title='bbox 1203 4551 1280 4605; x_wconf 85' lang='lat' dir='ltr'><strong>Mure</strong></span> <span class='ocrx_word' id='word_1_443' title='bbox 1350 4551 1385 4604; x_wconf 85' lang='lat' dir='ltr'><strong>ab</strong></span> 
     </span>
    </p>
   </div>
   <div class='ocr_carea' id='block_1_5' title="bbox 0 0 1660 5200">
    <p class='ocr_par' dir='ltr' id='par_1_16' title="bbox 0 0 1660 5200">
     <span class='ocr_line' id='line_1_53' title="bbox 0 0 1660 5200; baseline 0 1"><span class='ocrx_word' id='word_1_444' title='bbox 0 0 1660 5200; x_wconf 95' lang='lat' dir='ltr'><strong> </strong></span> 
     </span>
    </p>
   </div>
  </div>
 </body>
</html>
