3296 5210
315 446 372 502 180
776 437 1003 501 EXCVRSVS.

312 608 361 654 aut
380 597 541 655 uidentibus
561 608 771 670 superuenerat.
807 599 883 656 Dico
896 598 1064 669 Cebrionen‚
1082 601 1158 656 νόθον
1173 601 1228 654 οἷον
1242 599 1372 671 ἀγακλῆος
1388 606 1415 650 Π
1443 598 1471 650 ά-

312 693 381 738 μοιο,
401 681 433 725 ut
457 671 543 726 etiam
569 672 694 727 Medusa
714 690 732 727 a
753 675 906 727 concubina
929 683 991 726 orta
1015 682 1059 726 est
1082 671 1222 741 (Apollod.
1244 673 1263 726 l.
1278 671 1323 739 c.)‚
1345 687 1402 725 eun
1425 687 1471 723 em

312 741 441 810 aurigam
459 741 601 808 Hectoris,
615 759 699 824 quem
716 744 814 813 paucis
832 753 898 798 ante
914 743 992 798 horis
1008 743 1044 798 de
1059 759 1141 796 curru
1157 742 1299 796 deiecerat
1314 742 1472 809 Patroclus,

311 811 518 883 addideratque
530 813 651 868 ludibria
664 815 695 868 Il
710 814 763 869 xvi.
778 827 837 883 745.

519 879 554 936 Ὠ
570 886 650 938 πόποι
667 883 682 952 ή
701 884 760 953 μαλ’
774 885 890 955 ε’λοφρδς
907 883 980 954 όνήρ,
998 886 1033 940 ὡς
1049 883 1106 953 ῥεῖα
1124 885 1246 953 κυβιστᾷ.

527 955 558 1007 Εἰ
577 953 608 1021 δή
626 976 677 1008 που
696 957 737 1010 καὶ
753 957 839 1028 πόντῳ
857 957 885 1009 ἐν
903 956 1032 1027 ἰχθυόεντι
1049 957 1158 1026 γένοιτο,

525 1025 647 1080 Πολλοὺς
664 1025 696 1079 δν
713 1025 846 1096 κορέσειεν
862 1026 925 1095 όνήρ
943 1027 987 1079 ὅδε
1005 1025 1083 1094 τήθεα
1102 1027 1186 1094 διφῶν

526 1097 595 1164 Νηός
612 1095 797 1166 όποθρόνσκων,
815 1097 839 1151 εί
856 1098 897 1150 καὶ
915 1095 1103 1168 δυσπέμφελος
1120 1095 1168 1165 ε’ίη,

525 1164 570 1221 Ὠς
587 1170 633 1220 νῦν
650 1167 678 1222 έν
695 1168 774 1239 πεδίῳ
792 1168 822 1234 ἐξ
840 1165 924 1222 ἵππων
941 1166 997 1236 ῥεῖα
1016 1169 1138 1236 κυβιστᾷ.

520 1232 558 1290 Ἠ
577 1236 610 1307 ῥα
629 1239 669 1290 καί
686 1238 715 1292 έν
732 1240 853 1308 Τρώεσσι
871 1239 1058 1306 κυβιστητῆρες
1076 1240 1159 1293 ἔασιν.
1469 1283 1471 1290 ,

350 1309 403 1363 Est
421 1307 497 1363 enim
516 1309 588 1362 baec
606 1325 682 1363 mors
703 1309 861 1364 Cebrionae
879 1309 959 1380 quasi
978 1309 1085 1378 primus
1107 1318 1187 1364 actus
1209 1307 1374 1378 tragoediae
1393 1325 1468 1379 quae

312 1379 400 1433 tinem
417 1380 503 1434 habet
520 1388 640 1434 mortem
658 1380 814 1462 Euphorbi.
852 1379 1024 1450 Interposita
1040 1391 1084 1434 est
1100 1397 1177 1434 mors
1194 1379 1324 1448 Patrocli,
1338 1397 1411 1450 quae
1428 1379 1471 1434 sic

312 1459 452 1506 narratur.
496 1450 600 1504 Occiso
626 1451 775 1519 Cebnone,
799 1467 884 1521 super
907 1468 1025 1520 corpore
1049 1451 1110 1505 eius
1135 1451 1281 1505 decertant
1308 1452 1417 1505 Hector
1441 1460 1470 1504 et

315 1522 461 1575 Patroclus
481 1519 571 1590 (755);
595 1521 713 1576 tandem
731 1521 853 1576 uictores
871 1522 975 1576 Graeci
993 1519 1097 1592 'corpus
1119 1522 1248 1576 auserunt
1269 1520 1355 1589 (782).
1393 1520 1470 1574 Dein

315 1592 477 1646 Patroclum
496 1609 514 1645 a
532 1601 611 1661 tergo
629 1593 732 1662 Apollo
753 1609 839 1647 manu
861 1593 972 1662 premit,
990 1593 1102 1662 galeam
1123 1591 1209 1647 deicit
1225 1593 1318 1661 (793);
1343 1609 1409 1646 eum
1428 1591 1471 1646 sic

247 1727 250 1734 ¹
314 1663 464 1717 confusum
492 1662 672 1732 Euphorbus,
698 1664 753 1717 hoc
778 1662 824 1717 die
852 1664 974 1733 primum
1003 1663 1032 1716 in
1059 1680 1184 1733 pugnarn
1211 1679 1387 1732 progressus,
1412 1662 1471 1716 telo

313 1733 386 1788 fodit
406 1729 497 1802 (812);
525 1735 635 1787 Hector
656 1733 778 1803 denique
799 1733 930 1788 interficit
951 1733 1035 1804 (822).
1071 1736 1144 1787 Tum
1167 1750 1240 1804 quae
1260 1750 1357 1802 pugna
1377 1733 1471 1786 fuerat

314 1803 388 1858 inter
401 1805 556 1858 Hectorem
569 1819 602 1858 ac
616 1805 777 1858 Patroclum
790 1805 826 1859 de
840 1804 988 1872 Cebrinne,
1000 1803 1102 1858 eadem
1115 1821 1191 1858 nunc
1204 1803 1234 1858 fi't
1250 1803 1323 1858 inter
1336 1804 1471 1872 Euphor·

314 1874 383 1929 bum
400 1891 434 1928 ac
453 1874 616 1928 Menelaum
634 1874 670 1929 de
687 1876 835 1929 Patroclo:
858 1875 980 1945 denique
998 1875 1184 1944 Euphorbum
1203 1875 1361 1942 Menelaus,
1374 1884 1471 1943 spreta

312 1943 584 2068 eiusl‘inprecatione
602 1942 636 1997 Ei
649 1966 692 1998 κεν
707 1946 759 2016 ἐγὼ
776 1945 892 2016 κεφαλήν
905 1967 934 2000 τε
951 1946 1010 2014 τεὴν
1022 1956 1085 2014 etc,
1100 1945 1158 2000 imo
1175 1955 1286 2016 gutture
1303 1945 1471 2000 transfixum

312 2032 367 2084 spo
379 2024 427 2069 rat.

352 2088 415 2140 Has
433 2094 491 2140 tres
511 2087 630 2142 heroum
651 2097 757 2142 mortes
777 2085 912 2143 Ouidium
931 2087 1016 2142 credo
1034 2086 1075 2142 ita
1093 2085 1189 2142 animo
1208 2085 1262 2142 sibi
1283 2087 1420 2155 figurasse
1439 2095 1471 2140 ut

312 2172 389 2227 quae
410 2156 502 2226 prima
520 2167 607 2225 esset,
630 2159 797 2227 Cebrionae,
818 2160 893 2213 hanc
915 2176 979 2213 cum
1001 2169 1127 2214 extrema
1148 2158 1196 2212 illa
1218 2157 1364 2227 Euphorbi
1386 2157 1470 2226 quasi

312 2237 452 2298 perpetuo
464 2227 577 2282 uinculo
590 2239 750 2284 conecteret
763 2249 768 2285 :
788 2246 880 2300 neque
893 2230 961 2284 illud
974 2229 1083 2297 iniuria,
1096 2246 1161 2283 cum
1178 2231 1266 2283 altera
1282 2245 1317 2282 ex
1327 2228 1424 2281 'altera
1440 2227 1470 2281 in

315 2298 407 2354 Iliade
425 2299 541 2353 haereat
560 2315 672 2369 semper
688 2317 722 2354 ac
740 2301 873 2369 pendeat.
911 2302 978 2354 Non
997 2299 1151 2355 absurdum
1170 2299 1255 2369 igitur
1273 2299 1305 2367 si,
1323 2298 1471 2353 alternatis

313 2369 425 2424 uicibus
442 2369 490 2424 leti
503 2369 690 2425 Troianorum
704 2372 942 2440 Graecorumque,
960 2372 1140 2440 Euphorbus,
1153 2371 1222 2424 dum
1238 2369 1328 2424 hostis
1347 2369 1471 2422 Patrocli

314 2456 418 2510 corpus
436 2439 562 2512 uindicat
579 2451 725 2512 tamquam
741 2459 758 2495 a
773 2459 804 2496 se
821 2441 956 2509 occisum,
974 2441 1035 2511 ipse
1053 2441 1148 2496 animo
1166 2440 1309 2494 reuolutus
1328 2438 1366 2493 ad
1385 2439 1471 2494 amici

314 2511 475 2566 Cebrionae
493 2512 582 2566 fatum
602 2529 687 2582 quem
705 2512 751 2566 hic
768 2511 933 2578 extinxerat,
952 2518 1019 2566 uota
1036 2515 1155 2566 simbtra
1174 2511 1287 2579 fingitur
1304 2511 1471 2580 concepisse

314 2581 419 2652 quibus
438 2582 607 2637 Cebrionem
619 2584 748 2653 fratrem
766 2584 903 2637 Medusae
921 2600 955 2637 ac
974 2583 1180 2637 Priamidarum
1198 2581 1388 2636 ulcisceretur.
1425 2582 1471 2635 Ea

315 2663 384 2707 uota
393 2655 513 2707 sabistra
522 2653 591 2708 dixit
601 2663 747 2724 tamquam
757 2653 785 2706 in
797 2654 983 2724 Euphorbum
993 2653 1197 2719 redundantia3
1210 2652 1257 2722 qui
1268 2652 1345 2706 enim
1358 2661 1470 2720 optarat

316 2733 347 2778 ut
367 2724 492 2805 Menelai
503 2734 595 2806 'caput
614 2741 678 2778 cum
698 2724 783 2778 armis
802 2724 831 2778 in
851 2724 953 2779 Panthi
972 2725 1035 2779 sinu
1054 2724 1209 2794 deponeret
1227 2723 1288 2792 ipse
1304 2739 1321 2776 a
1336 2723 1471 2777 Menelao

313 2809 427 2849 occisus
440 2811 526 2849 arnus
538 2794 653 2850 exuitur.

353 2867 421 2919 Non
440 2882 486 2920 me
498 2865 569 2935 sugit
586 2882 670 2936 posse
689 2866 760 2920 haec
777 2865 947 2936 quibusdam
964 2864 1040 2921 dicta
1056 2863 1146 2920 uideri
1165 2862 1321 2919 arbitrario.
1360 2863 1471 2934 Quibus

313 2934 386 2989 illud
402 2935 615 3004 responderim:
637 2935 772 2990 Ouidium
785 2936 884 2990 Tomis
900 2937 1061 2991 exulantem
1076 2953 1135 2990 non
1152 2952 1265 3005 semper
1280 2934 1318 2989 ad
1332 2933 1471 2989 amussim

315 3006 428 3075 singula
440 3006 576 3076 exegisse,
587 3007 640 3061 sed
653 3007 794 3077 quaedam
807 3025 841 3062 ex
856 3006 993 3061 memoria
1005 3016 1087 3076 prout
1104 3006 1158 3060 sibi
1171 3006 1268 3060 animo
1280 3005 1472 3060 inhaesissent

317 3087 554 3145 repraesentasse.
592 3079 773 3148 Quamquam
798 3095 834 3132 ne
855 3078 910 3130 hoc
932 3076 1046 3147 quidem
1071 3076 1281 3133 necessarium:
1312 3093 1381 3130 nam
1405 3084 1471 3146 post

319 3149 478 3201 Homerum
505 3149 609 3202 multos
633 3148 712 3202 uaria
739 3149 775 3202 de
801 3148 956 3218 Euphorbo
986 3147 1137 3202 tradidisse
1165 3147 1268 3202 docent
1294 3146 1471 3214 Eustathius,

316 3216 504 3285 Scholiastae,
519 3218 697 3273 Ptolemaeus
713 3219 909 3288 Hephaestion
924 3217 952 3271 in
965 3220 1090 3273 secundo
1104 3221 1197 3284 Καινῆς
1207 3216 1344 3288 Ἱστορίας.

353 3288 400 3340 Ad
414 3291 481 3353 451,
494 3291 521 3341 2.
546 3288 733 3342 Menedemus
753 3289 855 3344 dicitur
872 3289 969 3357 δαίμων
986 3290 1124 3360 ἐπιχώριος
1141 3289 1228 3343 fuisse
1248 3287 1435 3358 Cythniorum
1454 3303 1473 3341 a

316 3360 409 3412 Clem.
422 3359 501 3413 Alex.
516 3360 604 3426 ¹Protr.
621 3374 651 3413 12
662 3360 691 3413 S.

354 3429 401 3483 Ad
412 3431 483 3484 465.
500 3429 596 3484 Verba
609 3445 721 3484 sacras
734 3430 890 3487 macteris
903 3430 944 3486 ad
957 3447 1030 3486 aras
1044 3429 1150 3501 optime
1163 3429 1338 3485 illustrantur
1350 3429 1384 3484 iis
1398 3445 1471 3500 quae

320 3499 458 3568 Diegylis,
483 3516 533 3554 rex
562 3501 714 3570 Thracum,
739 3519 757 3556 a
787 3502 915 3556 Diodoro
943 3502 1035 3557 dictus
1068 3501 1218 3556 Phalaride
1243 3511 1271 3556 et
1295 3501 1472 3570 Apollodoro

318 3569 467 3638 crudelior,
485 3569 514 3624 in
532 3569 603 3625 duos
622 3573 818 3627 adulescentes
837 3573 967 3642 patrauit.
1005 3573 1091 3629 Diod.
1106 3571 1197 3626 xxxiii.
1215 3586 1247 3638 14
1259 3570 1371 3626 Τοόςους
1383 3571 1472 3641 ἀμφο-

317 3641 408 3709 τέρους
428 3641 595 3712 καταστέψας
615 3643 706 3710 ἱερείου
724 3647 821 3712 τρόπον
841 3644 965 3714 εἰσήγαγε
987 3645 1029 3697 καὶ
1049 3645 1096 3697 τόν
1116 3645 1163 3713 μέν
1181 3644 1305 3713 νεόντερον
1325 3643 1473 3696 κατατείνας

317 3713 416 3782 μακρόν
428 3713 470 3766 διὰ
482 3718 534 3766 τῶν
545 3713 676 3802 ὑπηρετῶν
688 3714 722 3769 ὡς
734 3715 816 3783 μέσον
827 3715 970 3784 διακόψαν,
980 3714 1147 3784 ἀνεφώνησεν
1156 3715 1189 3769 ὡς
1201 3714 1250 3782 οὔχ
1262 3713 1359 3781 ὁμοίοις
1372 3714 1474 3782 ἱερείοις

316 3784 359 3838 δεῖ
377 3783 492 3854 χρῆσθαι
512 3783 573 3839 τοὺς
593 3783 695 3838 ιδιότας
716 3785 757 3837 καὶ
776 3786 836 3840 τοὺς
854 3787 983 3848 βασιλεῖς.
1019 3785 1161 3839 Κλαίοντος
1178 3784 1206 3837 δέ
1227 3788 1273 3837 τοῦ
1290 3784 1473 3853 πρεσβυτέρου

319 3857 361 3910 καί
385 3854 554 3925 φιλάδελφον
576 3854 658 3909 πόθος
680 3855 870 3925 προφαίνοντος
894 3856 935 3908 καὶ
959 3853 1073 3910 τιθέντος
1097 3857 1188 3908 ἑαυτὸν
1211 3855 1261 3909 ὑπό
1283 3855 1331 3908 τόν
1354 3855 1473 3922 σίδηρον,

317 3925 466 3996 προσέταξε
478 3928 532 3980 τοῖς
544 3924 679 3994 ὑπηρέταις
691 3926 731 3978 καὶ
743 3930 835 3980 τοῦτον
847 3925 939 3994 ὁμοίως
951 3929 1030 3980 τεῖναι
1042 3929 1149 3996 μακρόν.
1185 3926 1369 3992 Διπλασιόζων
1385 3926 1414 3978 δὲ
1427 3925 1472 3992 τήν

319 3998 446 4066 ὠμότητα,
465 3998 506 4049 καὶ
524 3997 569 4065 μιᾷ
587 3996 675 4064 πληγῇ
694 3995 749 4049 καθ’
768 3997 889 4064 ἑκατέρου
908 3997 1078 4066 χρησόμενος,
1096 3998 1124 4050 έν
1140 3995 1299 4068 ἀμφοτέροις
1316 3998 1472 4065 εὐστόχησε,

318 4071 406 4121 παῖανι
418 4073 469 4120 τῶν
481 4065 613 4134 θεωμένων
623 4067 832 4135 έπισημηνάντων
843 4067 890 4136 τήν
902 4067 1068 4137 κατόρθωσιν.

355 4137 401 4192 Ad
413 4140 483 4193 467.
503 4138 594 4192 Locus
606 4137 768 4192 Philostrati
781 4137 828 4192 hic
839 4149 892 4206 est,
902 4136 936 4192 iv.
950 4151 1006 4204 147.
1032 4139 1189 4207 Ξυναγαγόνν
1198 4135 1242 4191 οὖν
1253 4137 1314 4193 τοὺς
1321 4135 1472 4207 Ἐφεσίους,

318 4211 458 4278 θαρσεῖτε,
470 4209 533 4300 ἔφη,
544 4208 653 4277 τήμερον
664 4210 716 4295 γὰρ
727 4207 820 4263 παύσω
833 4210 883 4297 τήν,
891 4211 977 4275 νόσον,
990 4211 1031 4262 καὶ
1049 4209 1127 4264 εἰπὼν
1143 4207 1204 4332 riget!
1219 4209 1319 4275 ήλικίαν
1330 4211 1418 4264 πᾶσαν
1430 4209 1473 4262 ε’πὶ

319 4281 350 4334 τό
369 4279 485 4345 θέατρον,
503 4300 533 4330 ου
552 4281 581 4331 τό
600 4300 646 4331 του
672 4280 854 4349 Αποτροπαίου
871 4279 979 4348 ιδμυται·
1000 4278 1142 4348 πτωχεύειν
1177 4279 1246 4334 έτις
1263 4279 1373 4333 ἐνταῦθα
1390 4279 1472 4332 ε’δόκει

319 4348 402 4421 γέρων
426 4347 538 4414 ε’πιμόων
561 4349 620 4404 τοὺς
644 4349 798 4419 ὀφθαλμοὺς
821 4348 907 4419 τέχνη,
927 4351 969 4402 καὶ
992 4349 1076 4420 πήραν
1096 4351 1175 4420 ἔφερε
1197 4351 1238 4404 καὶ
1259 4350 1338 4420 όρτου
1360 4350 1388 4403 έν
1409 4351 1473 4417 αὐτῇ

320 4418 429 4489 τρόφος,
446 4419 543 4505 ράκεσί
566 4441 594 4473 τε
615 4417 746 4490 ήμφίεστο
767 4422 808 4474 καὶ
829 4421 966 4490 αὐχμηρῶς
986 4417 1040 4490 εἶχε
1061 4424 1108 4474 τοῦ
1129 4422 1282 4490 προσώπου.
1312 4419 1473 4488 περιστήσας

319 4489 366 4543 οὖν
377 4489 438 4544 τοὺς
455 4490 588 4560 Εφεσίους
599 4491 675 4562 αὐτῷ,
687 4493 801 4545 Βόλλετε
813 4493 858 4545 τὸν
867 4492 935 4546 θεοῖς
946 4491 1050 4561 ἐχθρόν,
1059 4487 1123 4560 εῖπε,
1133 4492 1319 4560 ξυλλεξάμενοι
1330 4497 1382 4545 τῶν
1393 4490 1474 4545 λίθων

322 4561 356 4616 όνς
373 4560 485 4616 πλείους.
513 4560 692 4629 θαυμαζόντων
709 4562 738 4615 δέ
756 4568 806 4615 τῶν
824 4561 955 4631 Ἐφεσίων
973 4561 996 4629 ό,
1013 4585 1037 4616 τι
1056 4563 1138 4632 λέγοι,
1158 4565 1198 4616 καὶ
1217 4561 1300 4616 δεινόν
1318 4561 1473 4632 ἡγουμένων,
