3296 5210
314 458 371 516 186
776 454 999 517 EXCVRSVS.

310 611 370 668 uim
382 609 444 668 eius
457 610 486 666 in
499 627 530 668 se
542 610 690 680 conuertit,
699 620 728 668 et
740 611 778 668 ab
790 627 825 668 eo
838 629 934 682 perem
955 621 1000 666 tus
1013 618 1065 666 est.
1094 609 1179 665 Diod.
1193 609 1230 666 iii.
1241 610 1276 678 67
1289 611 1335 666 τὸν
1347 610 1374 665 δὲ
1390 610 1470 665 Λίνον

310 684 354 738 ι’πὶ
368 684 487 752 ποιητικῇ
504 685 545 737 καὶ
561 683 675 753 μιλοδίᾳ
691 683 872 754 θαυμασθέντα
888 705 922 752 μα
971 683 1001 738 dr
1017 683 1094 752 σχεῖν
1104 681 1230 751 πολλούς,
1242 683 1471 752 ἐπιφανεστάτους

310 754 340 808 δι’
356 756 425 822 τρεῖς
434 750 567 821 Ἡρακλέα
580 752 702 824 θαμὺραν
714 752 875 824 κα1’ορφέα.
910 751 1013 807 Τούτων
1025 752 1054 806 δέ
1065 755 1110 807 τὸν
1122 751 1169 822 μέν
1178 749 1312 822 Ἡρακλέα
1327 753 1471 822 κιθαρίζειν

310 825 471 894 μανθάνοντα
489 825 532 878 διὰ
550 825 596 894 τὴν
611 826 657 892 της
673 825 764 896 ψυχῆς
780 824 929 894 βραδυτῆτα
946 823 981 893 μὴ
997 822 1123 878 δύνασθαι
1141 823 1266 891 δέξασθαι
1282 823 1329 891 τὴν
1342 825 1471 892 μάθησιν,

309 892 388 950 ἔπειθ’
410 895 460 949 ὑπὸ
480 899 526 949 τοῦ
547 897 624 950 Δι’νου
644 897 757 966 πληγοῖιι
776 895 955 964 έπιτιμηθέντα
979 895 1166 964 διοργισθῆναι,
1188 895 1229 948 καὶ
1250 895 1282 962 τῇ
1306 895 1400 964 κιθάρᾳ
1422 896 1470 948 τὸν

312 966 470 1021 διδάσκαλον
486 966 635 1033 πατάξαντα
653 966 808 1020 ἀποκτεῖναι.
846 967 937 1020 Plaut.
956 966 1062 1020 Bacch.
1080 964 1099 1018 i.
1114 979 1140 1018 2.
1154 979 1189 1033 43
1210 964 1281 1034 Lyd.
1298 965 1470 1036 Magistron

310 1053 478 1108 quemqnam
495 1038 667 1108 dt'sctpnlnm
686 1038 873 1091 minitarier?
908 1035 1052 1092 Pistocler.
1072 1037 1137 1089 Iam
1153 1037 1269 1090 excessit
1283 1037 1326 1090 mi
1340 1041 1420 1089 aetas
1434 1052 1473 1089 ex

311 1109 548 1178 magisteriatum
586 1108 655 1177 Lyd.
675 1107 732 1162 Nil
747 1124 844 1162 maror
858 1107 1011 1177 eaenulas
1029 1106 1103 1160 milii
1117 1123 1174 1160 esse
1188 1107 1290 1177 plenas
1306 1107 1469 1178 sanguinis.

317 1179 417 1232 Valens
437 1179 551 1249 afflictet
570 1195 613 1232 me
634 1180 765 1233 nminem
785 1180 902 1232 ut'rr'nm.
948 1177 1092 1232 Pistocler.
1115 1179 1209 1246 Fiam,
1231 1183 1266 1231 nt
1284 1193 1334 1249 ego
1355 1179 1470 1258 opinor,

311 1249 456 1317 Hercules,
473 1255 506 1303 tu
523 1255 617 1302 antem
636 1250 736 1304 Linus.
774 1251 856 1303 Haec
875 1249 963 1303 altera
981 1247 1131 1318 explicatio
1149 1248 1335 1318 praeferenda
1354 1247 1469 1303 uidetur

312 1319 372 1374 siue
386 1319 463 1390 quod
475 1319 575 1374 melius
589 1319 630 1374 sic
642 1319 736 1374 uerbis
749 1325 850 1389 poetae
863 1318 1025 1387 consulitur,
1039 1335 1104 1372 cum
1118 1318 1180 1374 Lini
1193 1319 1375 1374 seueritatem
1388 1319 1469 1372 laesa

311 1391 411 1445 dextra
427 1390 559 1444 Herculis
576 1407 649 1460 quae
668 1389 764 1458 sensit,
779 1390 881 1445 eadem
898 1389 1057 1458 ulciscatur,
1071 1389 1131 1444 siue
1148 1390 1224 1460 quod
1243 1389 1316 1445 inter
1332 1387 1467 1458 antiquos

312 1460 396 1516 ualde
409 1461 528 1515 celebris
540 1462 613 1516 haec
625 1460 743 1516 historia
755 1460 814 1515 suit.
847 1460 1062 1515 Demonstrauit
1075 1461 1130 1514 hoc
1144 1461 1180 1515 Ο.
1192 1460 1309 1514 Iahnius
1321 1459 1467 1527 (Berichte

312 1531 363 1586 der
377 1531 504 1587 Sexisch.
518 1532 715 1600 Gesellschaft,
731 1532 807 1600 1853,
821 1547 868 1602 pp.
885 1531 1016 1600 145-150)
1029 1530 1078 1600 qui
1095 1531 1165 1585 duas
1182 1531 1294 1586 tabulas
1306 1529 1467 1600 exprimen-

312 1603 365 1657 das
378 1601 485 1658 curauit
499 1603 600 1684 quibus
612 1619 658 1656 res
671 1601 822 1684 manifesto
835 1601 948 1672 depicta
960 1611 1012 1656 est.
1049 1601 1145 1656 Prima
1158 1601 1245 1671 (Mus.
1260 1601 1466 1682 Pio-Clemens.

312 1674 383 1728 Tab.
397 1692 421 1728 re
436 1671 464 1741 2)
480 1675 582 1728 Lrnum
594 1674 680 1728 habet
693 1690 722 1727 rn
735 1673 805 1728 sella
817 1673 973 1741 sedentem,
986 1672 1098 1726 sublata
1110 1672 1210 1727 dextra
1221 1682 1369 1742 tamquam
1382 1672 1467 1726 drscr·

312 1744 410 1868 pulum
427 1743 623 1798 uehementius
641 1744 804 1798 admoneat.
832 1745 913 1798 'Puer
924 1751 1035 1798 torosus
1050 1744 1188 1798 Hercules
1201 1759 1236 1798 ex
1252 1744 1374 1798 aduerso
1387 1751 1468 1797 stans

323 1832 402 1883 yram
419 1831 553 1883 magnam
571 1814 684 1870 sinistra
701 1823 786 1883 tenet,
800 1814 899 1868 dextra
911 1813 981 1868 ierit.
1019 1815 1088 1868 Post
1101 1814 1177 1868 hunc
1189 1823 1264 1868 astat
1277 1813 1390 1868 semina
1433 1814 1467 1867 ln

312 1887 401 1940 altera
422 1894 465 1940 est
486 1885 621 1939 barbatus
645 1884 732 1940 Linus
753 1884 865 1939 innixus
886 1883 986 1939 dextro
1010 1902 1093 1954 genu,
1115 1884 1215 1940 dextra
1239 1885 1351 1939 sublata
1376 1885 1468 1952 lyram

311 1965 446 2026 torquens
471 1971 528 2024 qua
552 1972 583 2010 se
606 1965 706 2010 contra
731 1956 885 2011 Herculem
910 1955 1041 2010 iuuenem
1066 1964 1179 2024 tutetur,
1203 1954 1327 2011 eundem
1351 1954 1469 2010 sinistra

312 2035 444 2096 protenta
468 2025 631 2096 implorans.
681 2028 715 2080 ln
740 2043 805 2080 eum
829 2043 914 2080 ruens
940 2026 1079 2081 Hercules
1108 2025 1222 2081 sinistra
1246 2025 1372 2094 iugulum
1402 2025 1473 2079 Lini·

277 2158 280 2166 ,
311 2096 422 2166 premit,
447 2096 546 2151 dextra
570 2097 673 2167 pedem
698 2097 792 2165 sellae,
818 2097 897 2150 cuius
921 2097 1011 2151 fracta
1038 2096 1167 2151 membra
1194 2096 1272 2150 humi
1297 2096 1400 2163 iacent,
1426 2095 1468 2150 in·

312 2177 412 2236 tentat,
433 2165 491 2221 iam
513 2166 569 2220 iam
595 2167 747 2223 occisurus.
785 2167 976 2223 Circumstant
995 2177 1128 2237 quattuor
1148 2167 1265 2222 iuuenes
1287 2167 1390 2237 trepidi
1413 2183 1468 2222 nec

313 2237 387 2292 Lino
398 2255 560 2292 succurrere
573 2237 719 2294 audentes.

349 2311 482 2364 Ceterum
499 2307 529 2362 in
547 2309 715 2364 obscuriore.
727 2309 790 2363 loco
808 2325 866 2363 non
883 2307 981 2363 inutile
999 2308 1051 2363 erit
1069 2308 1210 2379 quaedam
1223 2308 1259 2364 de
1272 2307 1371 2364 dextra
1390 2325 1467 2364 com-

260 2439 262 2448 ,
313 2396 471 2435 memorare
484 2395 556 2450 quae
569 2379 631 2434 aliis
645 2378 754 2449 possint
771 2396 835 2434 esse
848 2379 1022 2435 adiumento.
1060 2381 1137 2434 Nam
1150 2379 1276 2461 prolecto
1288 2396 1346 2433 non
1359 2390 1467 2435 temere

314 2449 470 2506 Merkelius
487 2450 676 2505 Scholiastam
693 2449 790 2505 audire
810 2450 908 2505 maluit
922 2467 1007 2521 quam
1025 2449 1172 2518 Saluagnri
1191 2450 1288 2506 statim
1306 2450 1467 2520 adprobare

313 2521 491 2577 seutentiam.
530 2521 624 2576 Potuit
642 2521 726 2590 igitur
741 2522 857 2575 temera
874 2522 951 2575 laesa
968 2538 1032 2576 esse
1046 2521 1085 2589 (1)
1100 2523 1208 2575 Eorum
1226 2520 1273 2592 qui
1292 2530 1322 2576 ut
1340 2538 1467 2591 pugnam

313 2591 510 2660 detrectarent,
535 2609 651 2646 manum
676 2593 775 2647 hastae
800 2591 981 2661 gestatricem
1003 2592 1052 2663 (H.
1074 2593 1105 2647 F.
1126 2593 1186 2661 268,
1208 2594 1285 2661 Tyrt.
1306 2593 1337 2646 fr.
1361 2608 1400 2648 11.
1421 2592 1467 2661 25)

313 2672 486 2732 truncarunt,
505 2663 581 2717 uelut
600 2663 757 2718 Aeschines
779 2662 923 2718 accusauit
946 2663 1172 2718 Demosthenem
1194 2663 1271 2733 quod
1293 2672 1378 2733 caput
1401 2680 1467 2717 con-

314 2733 421 2789 cideret
438 2750 476 2788 ne
494 2732 523 2787 in
541 2733 647 2788 bellum
666 2733 718 2789 iret
739 2733 863 2803 Ctesiph.
878 2748 937 2802 215
977 2736 1092 2789 Praeter
1108 2733 1310 2788 Archilochum
1328 2734 1467 2788 Alcaeum

315 2803 467 2859 Horatium
486 2803 533 2874 qui
552 2805 695 2873 parmulas
713 2803 877 2860 abiecerunt
898 2804 927 2858 in
949 2804 1065 2874 proelio,
1084 2803 1170 2860 etiam
1189 2803 1361 2860 Xenoclides
1381 2810 1467 2873 poeta

314 2891 358 2944 ap.
374 2877 458 2929 Dem.
474 2876 577 2928 Neaer.
593 2887 659 2943 1353
676 2874 829 2945 ἀστρατείας
844 2874 991 2930 conuictus
1009 2874 1118 2930 dicitur.
1156 2875 1216 2930 Sed
1231 2874 1302 2930 nihil
1316 2875 1353 2929 de
1364 2875 1468 2929 horum

315 2945 420 3000 dextris
432 2944 567 3000 traditum
579 2955 632 3000 est.

352 3014 390 3084 (2)
410 3017 517 3069 Eorum
536 3015 584 3085 qui
606 3031 642 3070 ne
660 3015 822 3083 militarent,
841 3016 940 3071 dextra
961 3015 1172 3072 mutilabantur.
1210 3015 1257 3071 Sic
1276 3015 1467 3071 Athenienses

314 3085 464 3156 Aeginetis
480 3087 533 3154 qni
548 3087 635 3139 classe
653 3088 785 3141 ualebant
797 3087 914 3156 pollices
931 3086 1128 3157 praeciderunt
1144 3085 1215 3156 (Cic.
1230 3087 1286 3142 Off.
1303 3086 1342 3141 iii.
1358 3102 1398 3141 11.
1412 3087 1466 3155 46).

316 3157 415 3210 Paullo
427 3155 508 3211 aliter
519 3157 654 3211 Aelianus
667 3158 701 3212 V.
714 3159 752 3212 H.
762 3157 790 3212 11.
801 3156 1012 3228 9Ἐψηφίσαντο
1025 3159 1049 3211 oi
1060 3157 1190 3226 Ἀθηναῖοι
1203 3157 1344 3228 Αἰγινητῶν
1356 3159 1467 3212 ἑκάστου

314 3229 360 3280 τὸν
370 3226 452 3296 μέγαν
465 3225 600 3295 ἀποκόψαι
616 3230 661 3294 τῆς
678 3229 764 3314 χειρὸς
780 3228 907 3283 δάκτυλον
923 3231 969 3296 τῆς
985 3228 1078 3297 δεξιᾶς,
1090 3226 1131 3281 ἰ’να
1147 3228 1211 3295 δόρυ
1222 3230 1269 3296 μέν
1280 3228 1422 3294 βαστάζειν
1433 3228 1468 3295 μὴ

314 3294 446 3361 δύνωνται,
468 3297 554 3363 κώπην
578 3296 606 3349 ds*
630 3297 746 3353 έλαυνειν
769 3297 898 3354 δύνωνται.
948 3298 997 3354 Sic
1020 3299 1107 3353 iidem
1131 3298 1321 3354 Athenienses
1346 3297 1369 3353 si
1396 3297 1468 3353 mari

315 3366 449 3421 uicissent
459 3367 677 3437 Aegospotamis
687 3369 863 3425 destinarunt
877 3369 989 3425 dextras
999 3370 1131 3425 omnibus
1144 3369 1292 3428 abscidere
1302 3386 1373 3440 quos
1386 3369 1467 3424 uiuos

315 3435 457 3506 cepissent
470 3439 542 3491 Xen.
559 3440 671 3494 Hellen.
684 3438 710 3494 11.
728 3455 749 3494 1.
764 3440 819 3506 fin,
833 3441 904 3495 Plut.
920 3443 983 3510 Lys.
997 3440 1034 3495 ix.
1198 3450 1202 3458 ’

353 3508 392 3576 (3)
413 3508 611 3578 Pugnantium,
624 3518 654 3564 ut
669 3510 827 3581 Cynaegiri,
845 3510 938 3566 fratris
956 3511 1100 3581 Aeschyli,
1118 3528 1184 3566 cum
1199 3527 1304 3566 nauem
1324 3510 1468 3565 Persicam

315 3595 401 3632 manu
420 3578 655 3648 adprehendisset
675 3581 780 3635 Herod.
798 3581 832 3635 vi.
852 3597 909 3650 114,
928 3583 991 3636 Val.
1012 3584 1088 3637 Mare
1107 3581 1145 3638 111.
1163 3597 1188 3636 2.
1206 3597 1258 3637 22:
1284 3591 1313 3637 et
1333 3584 1364 3637 C.
1383 3581 1468 3636 Acilii

315 3649 375 3706 siue
387 3649 465 3704 Atilii
482 3650 530 3720 qui
549 3652 653 3705 nauali
668 3652 709 3706 ad
722 3653 887 3706 Massiliam
901 3653 1018 3722 praelia,
1036 3655 1140 3707 iniecta
1157 3655 1190 3707 in
1202 3654 1327 3724 puppim
1344 3652 1468 3706 hostium

313 3722 416 3775 dextra
436 3726 464 3775 et
483 3722 589 3776 absa'sa
609 3723 786 3776 memorabile
805 3724 883 3778 illud
900 3724 981 3794 apud
1000 3725 1119 3779 Graecos
1138 3725 1293 3795 Cynaegiri
1309 3725 1468 3847 exemdtlnm

314 3794 446 3846 imitatus
463 3793 614 3846 transiluit
633 3795 665 3847 in
686 3810 797 3862 nauem,
815 3794 932 3848 umbone
949 3794 1044 3848 obuias
1061 3811 1155 3864 agens,
1174 3796 1252 3850 Suet.
1272 3795 1354 3849 Caes.
1389 3796 1414 3862 8,
1433 3793 1465 3848 cl

314 3864 377 3918 Val.
399 3864 476 3917 Max.
495 3862 532 3918 iii.
546 3878 570 3918 2.
585 3878 628 3932 22,
648 3864 720 3918 Plut.
735 3864 817 3919 Caes.
829 3864 883 3934 xvi,
904 3866 970 3920 Luc.
986 3864 1025 3918 iii.
1038 3865 1100 3919 610.
1137 3866 1223 3920 Hunc
1241 3863 1295 3919 nisi
1316 3864 1469 3919 Suetonius

316 3934 483 3988 Plutarchus
510 3933 640 3988 Valerius
670 3935 708 3988 ad
738 3951 826 3988 unum
856 3952 956 3990 omnes
986 3934 1105 3991 militem
1135 3946 1295 4004 uocassent,
1323 3935 1469 3990 crederem

315 4021 381 4058 curn
405 4021 439 4058 eo
459 4005 606 4058 confusum
628 4003 714 4059 luisse
732 4021 817 4075 quem
838 4006 896 4060 Cic.
915 4007 953 4061 ad
973 4008 1032 4062 Att.
1051 4007 1106 4061 xiv.
1123 4021 1165 4062 20.
1184 4022 1200 4075 3
1220 4010 1332 4076 pettam
1349 4006 1469 4060 durissi-

315 4092 402 4144 mum,
422 4074 546 4130 Licinius
564 4091 610 4144 ap.
630 4073 687 4129 Cic.
709 4076 771 4129 Fin.
787 4076 805 4131 i.
821 4091 845 4130 2.
862 4089 875 4146 5
886 4077 1017 4148 ferreum
1035 4080 1199 4148 scriptorem
1217 4077 1355 4132 dixerunt.
1395 4075 1476 4130 Illud

315 4156 392 4201 certe
418 4146 572 4201 nemodum
599 4145 738 4215 probauit,
757 4147 832 4200 hunc
859 4147 977 4201 Atilium
1004 4149 1127 4203 eundem
1154 4165 1218 4203 esse
1246 4164 1331 4219 quem
1360 4145 1468 4201 Gellius

315 4235 359 4271 xv.
382 4231 424 4284 24,
445 4218 535 4271 Varro
557 4232 602 4285 ap.
626 4215 734 4272 Charis.
757 4230 807 4288 215
831 4234 896 4272 cum
916 4218 1030 4273 Trabea
1051 4229 1079 4274 et
1102 4218 1226 4274 Caecilio
1248 4219 1322 4274 inter
1342 4217 1469 4272 comicos

314 4295 477 4358 posuerunt.

349 4356 395 4410 Ad
408 4359 476 4425 eor,
489 4359 563 4412 soe.

439 4427 510 4496 Qua
528 4445 587 4482 sua
605 4427 850 4490 †Penthiladen
870 4431 981 4500 proles
1000 4441 1051 4486 est
1070 4434 1140 4487 ulta
1160 4433 1353 4502 Lycurgum,

475 4499 567 4553 Haec
586 4510 717 4554 maneat
736 4500 793 4555 teli
813 4511 844 4556 te
864 4519 993 4572 quoque
1011 4503 1109 4572 plaga
1127 4503 1213 4558 noui.

351 4569 405 4624 Pro
418 4568 580 4624 Pentelrilen
593 4570 670 4640 quod
683 4572 789 4628 habent
801 4573 927 4643 plerique
940 4572 1062 4641 codices,
1075 4576 1101 4629 G
1115 4575 1288 4646 pentiladen,
1302 4572 1426 4629 Vindob.
1440 4581 1468 4627 et
