3312 5200
595 419 942 486 COMMENTARIVS.
1283 415 1348 523 138

192 577 233 631 sis
252 576 436 646 explicarer
411 575 472 644 (ri‘
480 587 510 631 et
529 575 575 630 hie
596 577 657 630 Irus
678 581 739 632 tibi
755 561 857 632 molor
877 585 1057 632 accrescente
1078 577 1187 646 syllaba
1207 577 1260 633 erit
1276 574 1347 650 ’1ροι

191 650 221 700 11
219 670 266 718 ρος
285 649 339 702 Od.
359 647 433 701 xviii.
454 661 496 715 73,
515 648 577 702 h.e.
597 665 655 700 non
675 650 737 702 Irus
758 649 858 715 solum,
877 649 928 702 sed
950 651 1012 702 Irus
1035 649 1100 702 cuin
1119 648 1279 713 infortunio,
1298 651 1344 705 uel

194 670 264 787 (2)(
271 729 299 772 et
319 719 365 772 hic
389 720 451 773 lrus
473 720 567 772 ννοαίον
589 717 716 787 superior
736 719 787 772 tibi
810 728 838 773 et
859 729 1005 791 tamquam
1031 718 1162 772 dominus
1185 719 1345 789 habebitur,

191 807 258 843 cum
278 789 338 858 ipse
355 788 394 843 sis
411 791 488 843 inter
498 806 597 843 raucos
614 790 733 842 ultimus
745 792 904 860 rogatores,'
916 791 961 844 uel
976 790 985 854 (
988 788 1036 857 3)
1045 807 1092 860 qui
1085 789 1155 844 tibi
1170 793 1231 844 Irus
1245 793 1345 861 maior,

192 870 223 914 ut
236 870 267 914 tu
282 862 344 914 Irus
357 877 452 913 minor
462 877 517 913 eris
526 860 651 913 ’eodem
668 877 753 914 sensu
766 877 822 930 quo
840 861 950 914 beneca
963 860 1032 915 dixit
1051 863 1088 915 H.
1103 862 1139 916 O.
1154 862 1219 928 1787
1233 863 1345 931 Siquis

191 932 290 984 ννοίνιον
311 932 427 985 Busiris
450 936 503 984 aut
525 947 549 984 si
574 932 639 1011 quis
663 933 758 984 minor
779 932 911 985 Antaeus
935 932 961 985 h.
981 949 1005 985 e.
1031 931 1207 1000 cognominis
1232 932 1271 986 sis
1298 935 1345 986 Iro

191 1001 323 1070 Vl'ysseo,
348 1000 426 1055 cuius
451 1011 481 1055 tu
506 1001 586 1082 quasi
612 1001 684 1055 filius
714 1002 760 1055 uel
790 1019 879 1071 nepos
908 1001 955 1069 sis,
981 1019 1101 1072 eumque
1126 1004 1260 1057 mazbrem
1284 1003 1345 1058 siue

192 1072 335 1153 seniorem
354 1089 421 1142 prae
439 1081 467 1126 te
482 1071 589 1126 iuniore
606 1071 755 1126 uindices‘
763 1072 820 1126 and
835 1089 890 1141 you
908 1073 979 1127 shall
998 1073 1066 1127 hold
1085 1072 1143 1126 him
1162 1090 1233 1142 your
1251 1073 1345 1128 senior

192 1142 222 1196 in
236 1144 285 1196 the
298 1160 396 1196 name:
402 1143 466 1196 'uel
481 1141 520 1210 (4)
534 1142 611 1226 quod
623 1142 720 1197 elicias
731 1160 766 1196 ex
779 1145 863 1197 Rosc.
872 1145 934 1197 Am.
948 1158 963 1211 3
967 1155 989 1212 5
1001 1159 1051 1197 100
1062 1143 1146 1197 liabeo
1158 1146 1243 1198 etiam
1255 1146 1346 1200 dicere

191 1230 275 1282 quem
296 1219 394 1268 centra
419 1230 523 1266 morem
544 1215 685 1266 materiem
710 1230 846 1268 minorem
870 1216 955 1267 annis
978 1216 1127 1285 sexaginta
1151 1216 1184 1269 de
1203 1219 1290 1285 pente
1313 1232 1345 1269 ονο

196 1285 319 1338 Tiberim
339 1283 493 1338 deiecerit‘
501 1283 548 1354 qui
572 1283 664 1338 tibi
657 1301 686 1338 ιιι
707 1294 787 1338 tuum
812 1284 994 1340 infortunium
1018 1289 1119 1338 maior
1142 1285 1194 1340 erit
1214 1286 1296 1340 annis
1317 1287 1346 1340 hr

191 1354 338 1424 ideoque
332 1372 360 1408 m
378 1356 481 1410 flumen
501 1354 654 1423 deicieturss
673 1355 750 1425 quod
768 1355 868 1409 melius
887 1373 956 1408 sane
969 1356 1006 1409 ad
1018 1359 1142 1420 Quique
1160 1361 1247 1410 tenet
1259 1373 1345 1426 quam

192 1426 231 1480 ad
241 1429 288 1479 Iri
300 1426 444 1480 referatur.
482 1425 560 1479 ‘And
573 1443 639 1494 may
646 1443 702 1494 you
715 1427 787 1480 have
797 1425 910 1489 besides
920 1427 969 1480 the
978 1427 1043 1480 luck
1053 1427 1085 1479 of
1093 1428 1154 1480 Irus
1167 1428 1215 1481 the
1229 1427 1345 1481 double·

192 1497 308 1564 named,
322 1497 378 1550 and
392 1497 424 1550 os
436 1497 484 1550 the
497 1497 604 1564 beggar
616 1498 677 1550 that
690 1497 793 1550 haunts
804 1498 851 1550 the
864 1496 983 1564 bridge3
1001 1497 1059 1550 and
1064 1514 1144 1566 your
1154 1498 1260 1566 beggar
1273 1499 1346 1552 shall

191 1567 228 1621 be
249 1567 297 1621 old
315 1568 427 1636 enough
446 1578 475 1622 to
494 1567 530 1621 be
552 1567 581 1620 in
595 1567 702 1636 danger
715 1568 747 1620 of
761 1567 847 1636 being
865 1569 973 1621 thrown
993 1585 1060 1622 over
1078 1567 1099 1621 it
1118 1568 1176 1622 and
1194 1568 1346 1622 drowned'

194 1637 347 1718 Ingeniose
360 1639 414 1691 Ad.
429 1638 583 1692 Neubauer
594 1643 649 1702 qui
664 1636 758 1707 (pons)
772 1641 834 1692 tibi
845 1642 955 1693 mabor
967 1652 1045 1707 aaut)
1057 1642 1126 1706 erit,
1139 1639 1165 1692 11.
1175 1656 1199 1693 e.
1217 1655 1302 1708 quem
1315 1648 1345 1693 tu

191 1709 285 1777 patrio
303 1709 418 1762 nomine
437 1727 494 1762 non
513 1719 543 1762 ot
562 1709 684 1762 Romani
703 1718 828 1778 pontem,
848 1709 899 1763 sed
916 1718 946 1762 ut
962 1725 1035 1762 unus
1048 1726 1064 1764 e
1076 1679 1159 1779 plebe
1174 1710 1349 1764 ludaeorum,

193 1779 339 1833 Hebraico
358 1780 497 1834 uocabulo
515 1793 593 1862 ηῃηιρ
612 1779 777 1861 appellabis.
821 1779 947 1849 Quodsi
967 1797 1062 1834 uerum
1083 1789 1135 1849 est,
1154 1789 1202 1834 aut
1222 1780 1345 1834 Iudaeus

191 1849 244 1903 suit
259 1850 318 1904 Ibis
331 1859 379 1904 aut
392 1859 468 1905 certe
481 1868 514 1904 ex
527 1851 643 1932 regione
655 1850 788 1918 Orientis,
801 1850 921 1905 fortasse
933 1849 1097 1919 Aegyptius.
1158 1852 1224 1906 419.
1242 1854 1347 1906 Filius

193 1923 318 1975 Cereris
336 1931 366 1974 ut
385 1921 491 1990 primus
511 1920 646 1976 intellexit
665 1922 731 1976 Ant
746 1923 856 1976 Urceus
877 1921 994 1990 Codrus,
1008 1931 1080 1976 teste
1100 1922 1197 1984 Const.
1212 1922 1345 1991 Fanensi,

192 2001 236 2046 est
248 1992 345 2046 Plutus
359 1991 428 2046 deus
442 1991 613 2046 diuitiarum.
641 1993 712 2047 Hes.
722 1992 830 2061 Theog.
841 1993 893 2061 969
903 1991 1024 2061 Δημήτηρ
1036 2014 1083 2059 μεν
1092 1993 1345 2080 Πλουτανεγεινατο,

192 2062 236 2116 bia
257 2063 346 2127 θεάων,
368 2061 653 2134 Ἰασ1ῳ”ηρωῑμιγεῖσ’
674 2063 749 2132 ἐρατῇ
770 2065 892 2131 φιλότητι
914 2063 1015 2144 Nesoi*
1001 2084 1037 2114 ενι
1055 2064 1180 2133 τριπόλῳ,
1199 2061 1331 2144 Kpiyrps'
1318 2083 1346 2116 εν

191 2133 261 2188 πίονι
279 2132 359 2205 δήμῳ.
397 2115 541 2188 Diodorus
566 2153 592 2214 y.
615 2146 648 2199 77
677 2134 748 2187 duas
778 2151 878 2187 causas
906 2114 1029 2187 nominis
1056 2133 1130 2188 Pluti
1156 2115 1257 2202 adfert,
1284 2133 1353 2198 siue,

192 2205 223 2256 rb
241 2207 333 2257 πλεῖον
354 2209 405 2257 τῶν
430 2205 528 2274 ἱκανῶν,
550 2203 611 2259 siue
636 2204 712 2285 quod
737 2203 911 2259 coaceruatis
934 2203 1039 2258 diuitiis
1059 2206 1130 2274 plus
1151 2222 1263 2274 semper
1287 2205 1344 2260 fiat.

191 2277 313 2329 frustra
334 2281 457 2329 ametur
478 2276 580 2329 frustra
602 2292 619 2328 a
643 2285 671 2329 te
697 2274 844 2329 inuocetur
866 2284 896 2330 ut
922 2274 950 2328 in
972 2285 1050 2328 tuam
1072 2275 1189 2328 domum
1208 2275 1346 2329 ἐπείσοδον

193 2344 294 2414 (Soph.
313 2346 347 2400 fr.
366 2347 429 2414 252)
451 2346 554 2400 faciat:
583 2346 619 2400 de
641 2363 697 2416 qua
718 2363 748 2400 re
770 2346 805 2400 cf.
826 2344 1046 2434 Aristophanis
1045 2346 1158 2435 Plutum
1178 2355 1206 2400 et
1228 2345 1344 2400 Luciani

192 2415 353 2471 Timonem.
390 2415 462 2470 Tim.
484 2417 519 2471 26
538 2421 599 2470 Πῶς
619 2418 720 2485 τυφλὸς
737 2416 828 2470 ὣν..
848 2437 1015 2470 .roaovrovs
1033 2415 1165 2485 ἐραστὰς
1182 2417 1267 2486 {yrun
1287 2413 1347 2470 οἶδα

191 2491 256 2557 γοῦν
269 2509 338 2542 τινας
351 2489 396 2541 οὐκ
408 2487 552 2575 ὀλίγον’
524 2492 606 2542 aurbu
618 2486 684 2540 οὗτοι
697 2509 746 2541 σου
759 2485 960 2556 dvoe‘poras'
945 2507 1019 2540 ouras
1031 2487 1099 2539 ὥστε
1112 2487 1152 2539 καὶ
1165 2487 1191 2541 r's
1200 2486 1348 2554 βαθυκήτεα

191 2560 287 2611 πόντον
304 2555 428 2627 φέροντες
447 2556 606 2627 ἕρῤιψαν“
578 2556 677 2612 αυτούς.
796 2559 867 2611 420.
886 2560 1047 2612 Destituut
1064 2573 1140 2621 opes
1160 2557 1255 2611 ‘leave
1274 2574 1345 2638 your

192 2628 324 2682 fortune
317 2646 345 2681 m
363 2630 412 2682 the
427 2629 523 2682 lurch’
541 2628 597 2682 alio
610 2647 641 2683 se
654 2645 766 2697 semper
779 2629 904 2682 conferat
921 2644 974 2681 nec
993 2637 1021 2681 te
1034 2627 1136 2681 adeat:
1156 2627 1227 2681 mira
1239 2627 1344 2682 locutio

193 2716 280 2769 quam
294 2699 406 2754 uidetur
422 2699 609 2754 adsimulasse
626 2700 664 2754 ad
680 2699 774 2753 notius
792 2703 868 2769 spem
885 2699 1040 2753 destrfftuere
1079 2700 1148 2752 Hes.
1168 2699 1275 2767 Theog.
1291 2712 1344 2767 973

191 2771 228 2862 τῷ
250 2770 278 2822 δὲ
299 2773 404 2838 τυχόντι
426 2772 466 2824 καὶ
488 2769 558 2823 οὖν’
579 2770 605 2825 r’s
624 2773 712 2840 χεῖρας
732 2768 824 2837 ἵκηται,
846 2767 919 2822 Ttut‘
941 2769 1047 2838 ἀφνειόν
1064 2768 1147 2836 ἔθηκε,
1166 2768 1250 2822 πολύν
1270 2769 1299 2822 τέ
1320 2771 1345 2825 οἱ

192 2840 297 2894 ὤπασεν
310 2839 400 2903 ὄλβον.
439 2840 610 2895 Huiusmodi
624 2852 722 2925 uotum
739 2841 790 2894 sed
805 2850 898 2895 ratum
910 2849 986 2894 extat
999 2839 1027 2893 in
1041 2842 1065 2893 E
1088 2840 1254 2931 igrammate
1267 2840 1346 2910 quod

192 2911 282 2966 edidit
306 2910 451 2966 Kaibelius
476 2927 541 2979 1133
559 2908 594 2963 Ω
614 2916 662 2965 Ζεῦ
682 2913 772 2980 πάτερ,
792 2909 847 2965 αἴθε
866 2910 994 2965 πλουσιαι
1011 2857 1167 2992 yrvffiiuau}
1204 2907 1276 2977 ’Ἤδη
1298 2929 1345 2977 μεν.
1407 2976 1410 2981 ¹

191 2983 238 3049 ἤδη
263 2980 350 3036 πλέον.
394 2981 507 3052 [ἀ]π”’
490 3005 540 3052 apa
566 2982 670 3045 βέβακε.
721 2984 766 3036 De
789 2981 862 3035 Pluti
888 2983 964 3036 cultu
993 2980 1147 3050 disputauit
1173 2980 1322 3049 Dilthey
1315 2999 1345 3035 m

192 3051 320 3122 Gotting.
341 3053 403 3107 lnd.
424 3054 519 3125 Schol.
535 3054 609 3122 1879,
629 3053 676 3124 qui
695 3053 792 3107 laudat
813 3054 899 3118 Hom.
920 3054 958 3108 H.
977 3053 1039 3106 Cer.
1053 3053 1106 3118 486
1124 3061 1152 3107 et
1172 3051 1344 3108 Homericae

193 3122 357 3177 Iresionae'
351 3122 469 3178 mitium.
575 3127 643 3178 421.
662 3125 758 3177 Verba
775 3123 816 3177 sic
835 3133 974 3192 construe,
992 3127 1097 3188 thue
1115 3127 1201 3177 unda
1218 3126 1344 3178 labente

190 3211 247 3259 per
266 3198 404 3248 alternos
422 3211 569 3249 recursus
587 3196 614 3249 h.
626 3211 648 3248 e.
667 3194 811 3275 reciproco
826 3195 935 3263 allapsu
951 3203 1046 3249 aestus
1062 3210 1232 3275 recursuque
1246 3193 1344 3248 ‘while

191 3266 240 3319 the
253 3283 331 3318 wave
344 3264 434 3334 glides
448 3283 484 3318 on
498 3266 603 3334 ebbing
620 3266 678 3319 and
694 3264 806 3334 flowing
819 3265 1002 3334 alternately.
1039 3263 1173 3334 Prop.''11i.
1186 3263 1245 3333 (iv.)
1259 3280 1298 3320 12.
1310 3267 1344 3320 28

190 3336 318 3389 alternas
334 3337 420 3390 scissa
441 3337 575 3417 Carybdis
596 3353 692 3405 aquas.
799 3338 871 3389 422.
890 3352 1000 3400 presso
1023 3335 1140 3404 singulis
1161 3335 1321 3404 passibus'
1315 3353 1344 3393 in

190 3407 328 3460 harenam
346 3405 464 3462 sidente.
503 3406 649 3488 Minucius·
664 3408 764 3461 Octau.
778 3420 793 3459 2
814 3407 895 3460 malli
912 3408 1049 3488 uestigu
1048 3407 1143 3460 cedens
1158 3405 1266 3460 harena
1281 3408 1344 3460 sub·

191 3479 301 3548 sederet.
339 3479 438 3545 Henry
457 3477 638 3532 Aeneidea''
621 3477 659 3532 ni.
678 3495 704 3547 p.
724 3478 758 3544 67
778 3476 856 3531 ‘The
874 3476 929 3531 soft
949 3476 1049 3531 sand
1042 3494 1066 3530 rs
1088 3476 1252 3530 withdrawn
1270 3477 1343 3533 from

191 3549 240 3602 the
265 3565 395 3617 pressure
420 3549 453 3601 os
472 3549 521 3602 the
543 3548 642 3616 foot,
636 3566 653 3602 1.
670 3565 695 3602 e.
720 3547 826 3601 affords
850 3564 888 3600 no
906 3549 992 3628 paint
1010 3547 1129 3616 eappui
1148 3557 1177 3600 to
1200 3548 1248 3601 the
1267 3547 1344 3604 suot!

190 3621 263 3672 423.
281 3623 387 3673 neseio
400 3635 463 3683 qua
480 3619 576 3672 nescio
595 3619 746 3688 quomodo,
760 3627 790 3672 ut
809 3617 855 3670 uix
874 3617 988 3672 sentias.
1027 3617 1074 3671 Sic
1092 3633 1149 3698 qua
1165 3617 1257 3672 Aen‘
1250 3635 1266 3672 1.
1281 3619 1342 3687 680,

159 3751 161 3756 y
190 3706 284 3759 nequa
305 3689 397 3744 Aen.
390 3706 407 3744 1.
420 3691 481 3744 682.
513 3693 667 3754 liquescat
688 3689 759 3742 ‘still
783 3689 851 3742 melt
876 3705 956 3756 away
979 3688 1046 3742 And
1067 3687 1120 3756 slip
1142 3689 1269 3742 between
1292 3689 1343 3758 thy

191 3761 296 3828 fingers
316 3760 372 3828 day
388 3761 554 3828 byday'l.
569 3763 653 3814 lones
668 3759 769 3829 (1658).
918 3761 989 3813 424.
1008 3775 1065 3823 per
1081 3761 1202 3812 modias
1219 3774 1342 3814 manus.
1366 3776 1375 3794 ⁴

192 3830 324 3900 Prop.1v.
343 3829 391 3899 (v)
409 3846 434 3897 4
448 3847 481 3884 22
500 3832 634 3900 Interque
649 3831 749 3884 oblitas
766 3830 870 3884 exci'dit
885 3846 961 3883 urna
977 3846 1086 3883 manus.
1123 3832 1236 3883 effluat
1275 3831 1340 3885 Sen.

191 3903 264 3969 Thy
280 3902 331 3969 536
343 3903 403 3956 Atr.
419 3902 490 3971 Quis
501 3902 646 3971 influentis
661 3903 736 3955 dona
747 3903 893 3954 Fortunae
909 3902 1030 3954 abnuit?
1055 3900 1127 3968 Thy.
1140 3901 1287 3968 Expertus
1302 3905 1344 3954 est

190 3975 360 4042 quicumque
370 3973 551 4042 quamfacile
561 3973 684 4042 effluant.
729 3975 801 4026 425.
813 3978 903 4036 pater
912 3970 1102 4039 Erysichthon
1113 3975 1223 4024 solitae
1235 3974 1342 4026 uarios

191 4049 317 4097 mutare
333 4045 453 4108 figuras
473 4045 606 4111 Mestrae‚
630 4060 703 4113 quae
724 4052 755 4096 ut
771 4053 882 4113 patrem
899 4051 1068 4122 sustentaret
1084 4040 1245 4110 inexplebili
1265 4042 1341 4096 same

191 4114 377 4182 laborantem,
392 4113 518 4195 Neptuni
537 4114 612 4167 dono
625 4130 642 4167 a
655 4130 711 4183 quo
723 4130 886 4183 compressa
900 4123 969 4180 erat,
983 4111 1011 4165 in
1028 4111 1121 4194 uarias
1135 4113 1237 4181 figuras
1250 4129 1341 4181 equae

191 4182 266 4238 alitis
277 4183 358 4238 bouis
372 4184 446 4239 cerui
460 4201 491 4238 se
503 4185 721 4239 transformabat
723 4194 823 4255 ,atque
834 4185 888 4237 hoc
900 4153 986 4236 modo
999 4183 1080 4237 nouis
1094 4200 1206 4252 semper
1218 4182 1341 4237 dominis

191 4255 366 4309 uenumdata
377 4255 468 4324 pretio
481 4255 523 4309 sui
541 4265 688 4342 parentem
703 4225 796 4309 alebat
811 4254 894 4322 (Met.
907 4253 963 4308 viii.
977 4255 1047 4321 847-
1048 4254 1120 4321 874).
1159 4253 1236 4307 Hinc
1247 4255 1341 4307 ποντό-

190 4327 293 4395 μορφοι
306 4325 408 4380 dieitur
418 4328 483 4394 Lyc.
498 4341 573 4394 1393.
598 4330 705 4380 uarios
716 4332 839 4380 mutare
851 4327 969 4390 figuras
983 4325 1024 4378 ‘to
1037 4325 1103 4379 shift
1116 4324 1188 4378 from
1201 4341 1255 4378 one
1268 4324 1340 4378 form

191 4405 221 4449 to
234 4398 370 4451 another!
422 4397 494 4455 428.
509 4401 625 4450 Plenus
639 4413 810 4478 quamquam
823 4407 909 4450 satur.
930 4399 1105 4450 inextincta
1116 4398 1197 4450 fame
1210 4412 1266 4465 qua
1276 4399 1339 4450 earn

192 4468 279 4522 Ceres
292 4469 366 4521 ultus
379 4477 422 4522 est
435 4467 528 4537 quod'
522 4485 549 4520 m
561 4467 648 4548 Dotio
660 4467 760 4522 Cariae
773 4485 884 4521 sacrum
898 4467 968 4521 deae
980 4468 1075 4520 lucum
1088 4467 1265 4521 deuastasset
1276 4467 1339 4521 Cal·

191 4537 249 4592 lim.
260 4540 298 4593 H.
308 4539 371 4594 Cer.
380 4538 475 4609 25-65,
485 4541 555 4595 Met
563 4537 619 4594 viii.
629 4552 689 4605 741.
721 4540 794 4594 Eam
807 4538 912 4594 famem
922 4539 995 4594 salse
1006 4536 1139 4594 deser1b1t
1150 4536 1339 4594 Callimachus
