3312 5200
288 447 327 506 80
774 442 955 506 SCHOLIA

330 599 495 679 Telephum
517 602 586 663 dicit
604 601 664 678 qui,
684 611 716 661 ut
737 600 893 680 Euripides
914 612 943 662 et
957 600 1062 661 Strabo
1076 609 1218 661 testantur
1232 598 1339 681 (Strah.
1357 597 1440 680 615),

288 700 357 742 curn
371 683 455 760 Auge
474 694 566 744 matre
586 685 701 743 clausus
722 684 753 742 in
773 701 841 742 arca
861 683 972 742 delatus
990 684 1030 743 ad
1043 683 1250 742 Teuthrantem
1271 701 1371 760 regem
1386 693 1440 742 est.

288 763 438 824 Diodorus
454 764 487 840 (I
494 765 523 824 V.
540 763 590 843 33)
604 767 644 824 ait
662 783 724 824 non
742 765 773 823 in
791 782 858 824 arca
874 765 989 823 clausos
1002 765 1099 835 luisse,
1114 764 1167 824 sed
1183 765 1303 824 traditos
1323 765 1441 823 cuidam

290 844 398 921 hospiti
413 854 443 904 ut
457 846 635 906 deferrentur
655 856 684 905 et
705 857 921 924 exponerentur
941 855 1027 923 atque
1048 847 1288 922 immergerentur
1302 846 1332 902 in
1347 848 1440 921 aquis.

290 925 387 986 Matre
409 927 494 1004 igitur
517 945 535 988 a
558 927 738 988 Teuthrante
761 946 830 1004 rege
854 936 989 1003 suscepta
1012 927 1087 986 filius
1110 927 1245 986 eiusxfilii
1271 928 1349 1002 regis
1374 927 1441 986 loco

290 1008 406 1068 habitus
426 1019 471 1068 est
492 1009 571 1068 et‘in
591 1027 683 1086 regno
704 1009 788 1068 heres
808 1017 876 1086 post
900 1018 1025 1067 mortem
1045 1009 1235 1068 Teuthrantis
1255 1008 1440 1068 constitutus.

292 1089 351 1149 Sed
365 1107 456 1166 quom
470 1091 527 1150 illic
541 1090 666 1150 Theben
680 1091 812 1149 habuerit
825 1100 854 1150 et
867 1090 1014 1149 Pedasum
1029 1099 1058 1149 et
1072 1088 1226 1149 Lirnesum
1236 1087 1346 1165 (Strab.
1357 1088 1442 1166 584),

290 1171 397 1248 quibus
417 1173 586 1248 imperabat,
601 1183 629 1230 et
650 1169 755 1250 quo(d)
772 1181 841 1248 post
857 1181 982 1230 mortem
1001 1171 1063 1230 eius
1078 1170 1224 1247 Euripilus
1242 1169 1350 1250 (Strab.
1367 1170 1441 1249 615)

291 1253 422 1330 possedit
437 1253 519 1327 filius,
529 1252 654 1314 Ouidius
669 1253 865 1313 Lirnesium
880 1252 987 1312 heroa
1001 1253 1164 1330 appell-aun.
1203 1251 1268 1312 Cael.
1286 1255 1323 1330 36
1335 1252 1440 1312 Semele.

288 1336 439 1396 Palaurnr'.

332 1419 400 1490 465.
422 1415 570 1476 Victima
603 1415 659 1475 uel
693 1415 842 1476 Phoebo.
925 1415 1076 1492 †Terpeni
1099 1414 1267 1475 obsidentes
1290 1413 1440 1491 Liparium

292 1496 485 1558 *Theodorus
494 1499 531 1556 ab
539 1497 663 1556 inimicis
673 1498 844 1572 suiscaptus
885 1507 1012 1556 castmm
1036 1497 1230 1573 promiserunt
1253 1496 1393 1572 Apollini,
1415 1499 1440 1556 si

289 1579 406 1639 Phoebo
441 1589 485 1638 est
518 1578 693 1638 immolatus.
750 1577 845 1636 *Vnde
885 1578 993 1638 faceret
1019 1596 1071 1637 eos
1092 1579 1225 1650 uictores,
1249 1577 1441 1637 fortissimum

177 1690 183 1704 =
293 1661 412 1720 Gallus:
442 1659 600 1718 Pheodorus
619 1666 714 1736 captus
734 1659 844 1718 Phoebo
885 1659 1089 1737 Liparensium
1103 1660 1130 1718 ei
1144 1659 1307 1719 sacrificare.
1330 1660 1441 1718 Habita

289 1745 375 1802 datur
394 1743 491 1813 hostria,
512 1744 640 1817 quamuis
659 1740 844 1817 Nequaquam
884 1751 982 1800 autem
1003 1741 1124 1800 uictoria
1144 1742 1322 1817 promissum
1344 1741 1440 1800 reddi·

289 1827 330 1882 sit
340 1825 418 1882 homo
430 1825 545 1882 ue'etr'rm
553 1829 643 1899 grato
657 1820 727 1881 deo*
772 1821 808 1883 G.
885 1822 988 1882 derunt
1015 1822 1199 1882 immolantes
1234 1823 1261 1882 ei
1295 1824 1442 1898 quendam

886 1900 1030 1986 [nomine]
1081 1903 1280 1964 Theodotum.
1343 1903 1441 1963 *Vnde

888 1985 1006 2046 Gallus:
1024 1984 1175 2043 lheodolus
1189 1991 1263 2044 scal.
1297 1985 1439 2046 CelAsk.

313 2065 470 2144 *ljrrrheni
479 2066 634 2144 Lipareum
643 2075 765 2126 castrum
777 2085 844 2127 cum
914 2065 1036 2144 *Lipare
1044 2065 1440 2144 insulaAeoliaaTyrrheuis

288 2151 384 2212 ermis
398 2151 532 2226 cepissent
546 2148 844 2209 fortissimumeorum
885 2159 970 2226 capta
998 2148 1128 2208 unanimi
1151 2148 1269 2208 decreto
1291 2149 1440 2227 quendam

291 2284 337 2352 τῆς
355 2285 478 2352 μητρυιᾶς
495 2281 613 2352 Καλύκης
630 2279 716 2354 ᾤκησε
733 2283 780 2351 τὴν
797 2283 948 2353 Λευκόφρυν
964 2282 1005 2336 καὶ
1017 2281 1065 2350 ἀφ’
1077 2283 1168 2336 ἑαυτοῦ
1180 2281 1286 2335 Τένεδον
1298 2281 1440 2351 ὠνόμασεν.

291 2354 390 2408 thenes
402 2357 479 2407 Mure
549 2354 671 2407 h'nrethe
684 2357 762 2407 Mure
831 2353 1086 2406 stamandriaMure
1150 2351 1236 2406 fratre
1249 2352 1353 2406 h’mata
1364 2354 1441 2404 Mure

291 2441 355 2478 curn
368 2424 454 2478 fratre
466 2424 544 2479 uenit
557 2425 583 2478 in
597 2425 785 2493 leucophirum
797 2425 936 2478 desertum
949 2426 1027 2478 Mure
1082 2423 1227 2477 chenedon
1240 2425 1317 2478 More
1376 2439 1441 2475 cum

292 2495 369 2562 augia
380 2499 428 2549 Pa.
494 2502 678 2549 teutrantrum
691 2501 739 2550 Pa.
805 2512 899 2562 regern
911 2495 1008 2548 missus
1020 2500 1061 2548 est
1073 2499 1120 2548 Pa.
1192 2493 1384 2547 desererentur
1393 2496 1440 2546 Pa.

291 2573 433 2620 teutrante
445 2571 492 2622 Pa.
579 2567 783 2620 teutrantisPa.
855 2565 968 2620 thebem
980 2569 1026 2620 Pa.
1099 2565 1245 2618 lernesium
1258 2568 1304 2618 Pa.
1367 2565 1441 2617 euri*

290 2638 371 2708 pillus
382 2642 434 2692 Pa.
504 2638 651 2690 lernesium
665 2641 710 2692 Pa.
750 2639 773 2692 G
785 2637 806 2691 C
818 2639 883 2692 Ask.
896 2640 957 2691 haec
969 2637 1062 2690 habent
1073 2637 1149 2689 nimis
1161 2656 1238 2705 quam
1243 2636 1351 2703 flatilia

558 2710 581 2762 G
1128 2707 1227 2761 GAsk.

328 2777 433 2844 Lignus
451 2794 529 2844 uero,
548 2778 565 2832 i.
584 2777 725 2847 Naupolus
746 2778 847 2845 Lignes
909 2777 1050 2844 Naupolus
1059 2793 1108 2830 rex
1122 2777 1230 2830 Leenes
1239 2775 1359 2845 nymphe
1371 2776 1441 2830 filius

293 2848 406 2917 nimphe
431 2849 501 2902 filius
527 2857 569 2902 est
598 2866 681 2917 quem
710 2850 848 2903 Acrinites
888 2846 1133 2920 [fuitAsk.]quem
1143 2847 1440 2917 Asacriminideslhsa-

294 2935 380 2986 nepos
396 2936 469 2986 suus,
482 2919 545 2988 quia
558 2920 713 2973 Demedem
730 2925 848 2973 matrem
887 2919 1005 2973 crinldes
1017 2917 1095 2988 Ask.)
1112 2934 1197 2986 nepos
1215 2935 1286 2984 suuS,
1299 2918 1363 2986 quia
1381 2934 1441 2971 ma·

293 3006 370 3043 suam
383 2996 508 3059 stuprare
521 2991 617 3058 uoluit,
628 2992 655 3043 in
668 3007 744 3044 mare
756 2991 848 3059 proie·
887 2997 958 3043 trem
978 2989 1191 3042 Detrimestram
1209 2990 1298 3042 uoluit
1315 2996 1441 3056 stuprare

294 3061 344 3114 cit.
379 3060 460 3114 Vnde
485 3061 622 3116 Perseus:
653 3061 794 3130 Naupolus
819 3066 848 3114 et
889 3062 966 3131 (quia
992 3060 1216 3113 Clitemnestram
1241 3059 1298 3113 eius
1322 3068 1440 3112 matrem

294 3131 420 3197 quamuis
437 3138 550 3200 patruus
568 3134 639 3200 perit
658 3149 724 3186 ense
740 3132 849 3203 nepotis
887 3139 1012 3199 stuprare
1019 3129 1222 3199 uoluitAsk.)in
1230 3147 1305 3183 mare
1314 3131 1441 3198 proiecit.

295 3200 596 3272 Etuoluituatusesse
613 3219 707 3273 nepos.
888 3203 967 3256 Vnde
1004 3201 1181 3269 Propertius:
1234 3200 1375 3269 Naupolus
1411 3206 1440 3254 et

888 3273 1012 3342 quamuis
1024 3278 1136 3340 patruus
1146 3273 1216 3342 perit
1227 3271 1318 3342 (periit
1329 3269 1363 3339 C)
1375 3287 1441 3324 ense

888 3343 1012 3412 parentisv
1022 3343 1060 3396 Et
1071 3343 1159 3397 uoluit
1172 3349 1251 3396 uatus
1268 3359 1326 3396 esse
1338 3349 1441 3410 nepote

886 3431 970 3483 prror.

295 3487 387 3540 Versus
398 3487 426 3539 in
438 3487 504 3540 Ask.
516 3504 564 3540 non
576 3496 675 3553 extant,
687 3488 713 3540 in
726 3485 862 3556 Saluagnii
874 3488 952 3539 codice
963 3496 987 3539 et
998 3486 1036 3538 ed.
1049 3487 1138 3540 Paris.
1153 3500 1219 3550 1573
1233 3487 1269 3538 sie
1280 3485 1370 3554 serqoti
1381 3494 1442 3538 sunt

294 3556 440 3624 Naupotus
451 3557 581 3611 Ascintae
597 3563 710 3626 patruus
725 3559 798 3626 perit
814 3573 879 3610 ense
896 3555 1004 3624 nepotis
1021 3555 1058 3608 Et
1070 3556 1158 3610 noluit
1171 3557 1242 3608 natis
1254 3572 1313 3608 esse
1326 3560 1442 3622 parente

294 3628 378 3696 prior.
414 3628 525 3696 Carficta
541 3630 602 3682 haee
614 3630 685 3682 eredo
700 3649 732 3683 ex
746 3628 867 3696 relliquiis
876 3629 1024 3696 glossarum
1040 3627 1070 3680 de
1082 3628 1191 3697 Telepho.
1227 3628 1299 3679 Nam
1311 3624 1441 3694 Nauplius

294 3699 425 3768 Telephum
446 3701 585 3768 expositum
607 3701 709 3768 reliquit
732 3697 819 3767 (Diod.
843 3701 887 3752 IV.
908 3697 961 3766 33),
981 3699 1021 3752 uel
1037 3701 1125 3766 genuit
1145 3697 1247 3767 (Script.
1266 3698 1351 3763 Myth.
1366 3706 1404 3749 ed.
1422 3716 1441 3748 a

294 3771 372 3823 Badio
385 3782 413 3839 p.
427 3768 473 3839 64)
483 3790 494 3826 :
517 3771 632 3839 ‘Telephus
644 3781 729 3824 autem
748 3773 775 3823 in
791 3789 864 3822 mare
878 3771 1004 3838 proiectus
1021 3782 1046 3823 et
1058 3770 1170 3836 Mysiam
1182 3769 1290 3834 delatus,
1304 3767 1346 3820 ubi
1357 3779 1442 3820 mater

294 3842 370 3909 Auge
387 3841 456 3910 apud
473 3861 555 3910 regem
568 3843 745 3895 Teuthrantem
759 3853 808 3910 pro
822 3839 880 3904 filia
894 3840 1037 3894 habebatur
1051 3837 1128 3909 (Hyg.
1141 3837 1200 3909 99),
1212 3840 1279 3893 hane
1291 3841 1317 3891 in
1329 3839 1442 3908 coniugio

293 3914 386 3965 inscius
397 3914 492 3980 aceepit
508 3915 608 3980 iamque
622 3932 679 3966 cum
695 3932 726 3966 ea
742 3915 852 3965 coituras
867 3923 924 3964 erat
942 3912 992 3964 nisi
1009 3914 1065 3980 apsa
1076 3931 1133 3964 eum
1146 3923 1225 3979 paeree
1240 3912 1405 3977 interficisset
1422 3929 1442 3962 a

294 3982 401 4036 mortali
425 3983 508 4035 nolens
534 3984 629 4037 uiolari
654 3982 732 4052 (Hyg.
756 3981 828 4051 roo).
860 3983 910 4033 Sed
925 3993 949 4036 et
966 4001 1052 4035 nomen
1074 3983 1289 4047 Clytaemnestrae
1305 4000 1338 4032 ex
1355 3982 1442 4033 eadem

294 4054 402 4176 psistorila
412 4055 500 4174 Ipotuit
511 4065 598 4122 petere
614 4053 691 4124 (Hyg.
707 4051 779 4123 101).
810 4054 901 4106 Etiam
914 4053 997 4111 Crinis
1010 4054 1141 4121 Mysorum
1158 4053 1273 4106 sacerdos
1286 4062 1347 4104 teste
1358 4052 1442 4104 Schol.

314 4143 352 4178 en.
365 4126 399 4176 I.
427 4141 490 4188 .39.

330 4197 391 4259 465.
410 4195 673 4266 Historiaesuspectae
740 4193 860 4261 lipanum
872 4195 935 4249 Ask.
1009 4192 1184 4261 lippariumG
1255 4197 1375 4246 castrum
1387 4194 1443 4246 uide

293 4266 364 4316 Seru.
380 4267 444 4318 Aen.
457 4268 508 4318 ΙΙΙ.
522 4281 571 4330 531
647 4265 883 4333 lippariensiumC
953 4262 991 4332 ei]
1006 4285 1054 4318 om.
1067 4266 1132 4318 Ask.
1207 4264 1271 4317 etC
1338 4263 1441 4316 sacrifi-

293 4340 390 4388 carent
403 4336 537 4388 CetAsk.
643 4336 780 4404 quendam
794 4337 858 4388 Ask.
966 4335 1084 4402 quemC
1187 4334 1298 4386 nomine
1311 4353 1360 4386 om.
1375 4335 1442 4387 Ask.

294 4404 461 4458 Theudotus
480 4405 657 4475 (Theodotus
674 4409 712 4460 ed.
730 4405 808 4474 Par.)
828 4407 856 4457 in
876 4405 947 4458 bello
966 4407 1017 4459 cod.
1036 4405 1107 4458 Sala.
1124 4416 1149 4458 et
1166 4406 1204 4458 ed.
1223 4407 1311 4458 Paris.
1390 4420 1442 4456 nec

294 4476 486 4544 quanquamC
584 4479 686 4546 Pquae
705 4478 780 4530 habet
800 4478 887 4530 eadem
900 4477 962 4542 fere
982 4486 1041 4530 sunt
1060 4479 1086 4528 in
1107 4477 1146 4528 ed.
1163 4477 1252 4530 Paris.
1272 4490 1338 4540 1573
1359 4475 1401 4528 ubi
1418 4486 1443 4528 et

294 4564 381 4601 uersus
452 4545 570 4602 Thireni
586 4548 718 4616 lipareum
736 4564 797 4602 cum
815 4548 985 4603 misissentP
1070 4546 1210 4616 Tyrrheni
1227 4562 1290 4600 cum
1306 4545 1442 4614 cepissent
