3312 5200
694 447 739 507 ru
771 445 870 509 rnrnr.
1319 455 1357 512 ar
1419 439 1428 448 ‘

203 603 302 676 iprum.
337 601 486 678 Ipsumque
505 609 532 660 el
553 611 661 662 cunctos
684 614 762 680 spre-
804 605 940 682 dignatus
968 606 1080 682 superis
1114 606 1235 666 obedire
1263 607 1359 668 fulmi-

203 690 286 743 κεναί
298 685 345 742 ille
358 684 443 744 deos*
481 685 517 746 G.
804 699 889 747 natus
909 697 952 747 est
969 705 987 746 a
1003 688 1085 747 loue.
1121 687 1218 746 *Vnde
1238 688 1358 750 Gallus:

803 767 978 828 Phr'llacr'drs
1004 770 1080 828 cadi!
1104 772 1168 846 igne
1191 769 1271 829 Iouis
1291 775 1358 847 quia

802 857 950 926 spreucrol
962 851 1059 925 rheam.
1082 850 1144 911 Nec
1154 859 1358 912 nonetcunclot

801 934 1002 1008 spreueratr'lle
1016 929 1102 991 deoc*
1145 933 1179 992 C.

245 1007 472 1090 *(A)Dimantus
492 1013 623 1072 tirannus
650 1031 733 1074 sacra
754 1012 865 1074 faciens
889 1014 945 1074 diis
970 1014 1029 1073 suis
1051 1014 1216 1074 adinuentis
1242 1033 1260 1074 a
1281 1014 1356 1076 Ioue

203 1091 374 1153 fulminatus
388 1093 457 1154 est*
497 1095 540 1154 H.

247 1195 316 1251 329.
347 1175 413 1233 Aut
453 1185 488 1236 ut
530 1174 758 1236 Amastriacis.
842 1175 1028 1252 *Lempneus
1050 1194 1101 1236 rex
1122 1175 1357 1238 †Amastriacum

204 1253 359 1315 *Lenneus
379 1276 430 1315 rex
447 1257 637 1317 Amalfricum
657 1269 760 1334 captus
800 1277 818 1316 a
843 1258 1011 1316 Mithridate
1035 1276 1104 1334 rege
1131 1258 1357 1335 Paphlagonum

203 1354 220 1395 a
256 1338 426 1398 Mithridate
463 1339 493 1397 in
533 1340 632 1399 Ponto
665 1340 760 1400 insula
800 1350 900 1416 raptus
909 1349 938 1398 et
947 1341 977 1397 in
988 1339 1082 1398 insula
1090 1340 1231 1401 teschina
1239 1340 1356 1400 deserta

202 1419 282 1479 solus
297 1421 449 1479 derelictus
464 1420 541 1479 farne
556 1422 668 1480 interiit.
702 1421 738 1481 G.
801 1423 916 1481 relictus
952 1420 1059 1497 frigore
1094 1431 1122 1480 et
1155 1421 1232 1480 farne
1263 1423 1355 1498 periit.

244 1498 400 1560 *Lenneus
431 1521 482 1560 rex
505 1502 720 1562 Amastriacum
743 1522 761 1562 a
801 1502 1028 1566 *Vndefflanos
1052 1501 1125 1560 Veste
1137 1502 1246 1578 ciboque
1258 1521 1356 1562 carent

202 1579 609 1661 MithridatePaphlagorrum
618 1603 687 1661 rege
698 1581 758 1666 [so-
800 1583 954 1659 Lempneus
969 1602 1025 1642 rex
1039 1585 1103 1641 licet
1116 1591 1183 1643 erret
1198 1582 1261 1654 Qua
1270 1585 1359 1660 perri!

201 1658 285 1744 cero]
299 1663 419 1722 Achillis
433 1667 463 1722 in
477 1666 570 1724 insula
580 1684 656 1742 quae
670 1677 714 1726 est
728 1667 759 1724 in
800 1666 908 1725 Neocles
942 1668 995 1724 hac
1021 1683 1123 1742 quoque
1150 1671 1227 1743 peste
1253 1664 1354 1743 perit*

202 1744 300 1803 Ponto
310 1746 616 1822 nomineAndugenes
626 1747 705 1807 solus
714 1757 759 1806 est
799 1747 898 1808 Mart.

201 1827 319 1886 relictus
341 1823 383 1908 [et
405 1828 541 1887 ibi'fame
562 1830 646 1905 periit
667 1838 695 1888 et
710 1829 758 1889 fri-

199 1925 272 1984 gore
296 1912 367 1984 quia
390 1909 505 1969 deserta
533 1907 618 1990 erat].
661 1909 760 1969 *Vnde

199 1990 245 2047 at't
270 1989 468 2050 Famranus:
513 1991 586 2049 Veste
612 1989 759 2068 tibridque

198 2090 298 2129 carens
312 2071 449 2131 Lemneus
462 2093 518 2132 rex
532 2073 596 2131 licet
603 2081 676 2144 esset,
695 2074 759 2146 Qua

195 2155 286 2227 perri'l
293 2153 401 2212 Ncoder
411 2156 457 2213 hic
469 2173 572 2231 quoque
582 2163 665 2213 morte
673 2157 758 2232 perth.

202 2232 230 2293 C
242 2234 331 2294 Aah*

242 2315 397 2393 *Lepneus
425 2317 638 2380 Amastriacum
671 2339 722 2378 rex
751 2338 768 2379 a
799 2318 967 2378 Mithridate
1000 2319 1191 2396 paflagonurn
1224 2339 1294 2400 rege
1322 2331 1352 2381 et

200 2414 305 2457 socero
328 2399 448 2459 Achilh's
465 2401 497 2458 in
515 2401 610 2459 insula
623 2419 699 2477 quae
723 2411 768 2461 est
789 2403 820 2460 in
842 2401 938 2464 Ponto
959 2401 1039 2460 solus
1059 2403 1175 2461 relictus
1196 2414 1241 2463 est
1261 2415 1290 2463 et
1312 2405 1353 2464 ibi

199 2477 277 2538 farne
293 2481 418 2540 decessit
435 2482 504 2558 quia
518 2482 598 2540 locus
613 2483 743 2542 desertus
759 2495 826 2542 erat.
864 2483 903 2541 P.

234 2561 422 2639 -Imprecatur
439 2564 574 2622 miseram
596 2577 721 2623 mortem
740 2564 840 2635 Lenei,
862 2564 912 2641 qui
934 2581 1001 2622 curn
1020 2582 1072 2623 rex
1093 2573 1170 2623 esset
1191 2565 1351 2626 Amastria-

200 2661 305 2702 corum
319 2645 496 2720 populorum
510 2646 542 2702 in
557 2645 675 2722 Scythia
688 2646 826 2723 expulsus
841 2665 858 2704 a
873 2645 1038 2704 Mithridate
1053 2647 1083 2702 in
1094 2646 1213 2705 Achillis
1226 2647 1352 2708 dromon

199 2725 312 2801 aufugit
328 2735 415 2802 atque
437 2727 477 2784 ibi
498 2745 516 2785 a
537 2728 597 2786 suis
613 2727 742 2786 desertus
757 2729 849 2804 periit.
891 2726 1040 2785 Achilleos
1053 2727 1175 2786 dromos
1196 2729 1213 2786 i.
1228 2727 1352 2788 Achillis

198 2823 310 2876 cursus
326 2824 414 2883 quem
429 2808 526 2867 locum
535 2807 659 2867 Ouidius
670 2828 749 2869 nunc
760 2808 886 2885 appellat
896 2808 1056 2867 Achilleam
1068 2810 1191 2879 humum,
1203 2809 1297 2868 insula
1307 2815 1352 2870 est

199 2905 275 2962 quae
287 2889 390 2948 dicitur
400 2889 594 2966 †Armigenis.
626 2890 769 2950 Amastris
779 2908 849 2949 uero
860 2892 930 2948 urbs
945 2891 1028 2948 estin
1042 2891 1195 2966 peninsula
1206 2890 1353 2968 habetque

200 2985 237 3027 ex
255 2980 377 3047 utraque
398 2980 480 3046 parte
502 2982 612 3047 portus,
632 2972 709 3031 dicta
730 2974 772 3031 ab
788 2971 950 3030 Amastride
969 2970 1027 3030 frlia
1048 2971 1188 3032 Oxathris
1209 2981 1239 3032 et
1259 2990 1352 3032 uxore

199 3050 469 3129 Dionisiityranni.
514 3053 592 3112 unde
614 3053 662 3112 hic
686 3053 837 3113 Dionisius
859 3052 976 3111 Leneus
1001 3062 1045 3112 cst
1065 3052 1234 3130 appellatus.
1276 3053 1350 3132 Regi

202 3135 291 3192 2061.

240 3214 392 3274 Dionisius
413 3215 544 3274 tirannus
566 3214 764 3275 Heracliensis
789 3215 928 3293 expulsus
950 3234 968 3274 a
991 3214 1159 3274 Mithridate
1184 3215 1296 3295 aufugit
1320 3217 1351 3276 in

198 3294 298 3354 locum
313 3315 402 3373 quem
417 3315 533 3356 cursum
549 3297 668 3356 Achillis
682 3298 829 3374 appellant
844 3298 894 3356 ubi
908 3315 926 3355 a
940 3297 1000 3357 suis
1015 3298 1146 3357 desertus
1164 3299 1248 3376 periit
1267 3299 1350 3359 omni

198 3378 352 3436 destitutus
367 3396 433 3454 ope.
475 3378 544 3436 Pal,
563 3393 650 3454 1709.

242 3477 310 3534 331·
332 3458 445 3536 thue
465 3461 519 3519 uel
536 3460 756 3535 Eurydamas.
838 3458 1011 3519 Euridamas
1049 3459 1156 3520 occidit
1198 3460 1350 3520 inimicum

198 3537 373 3600 Euridamas
400 3551 430 3599 et
458 3541 618 3600 Thrasillus
646 3542 755 3601 inimici
797 3559 882 3600 suum
921 3540 1098 3601 Thrasillurn
1139 3542 1218 3600 unde
1253 3542 1350 3602 Micus

198 3623 364 3681 adinuicem
399 3622 531 3682 fuerunt:
568 3622 621 3682 sed
653 3623 754 3682 Limus
796 3620 946 3681 Larisseus
967 3624 997 3680 in
1018 3623 1176 3681 uindictam
1198 3624 1283 3683 amici
1305 3624 1349 3682 sui

197 3701 350 3762 Larisseus
379 3706 491 3763 anricus
519 3704 657 3762 Thrasilli
685 3704 753 3762 Eur.
797 3703 933 3764 Thrasilli
968 3704 1074 3762 occidit
1109 3703 1348 3763 Euridamantem

197 3784 346 3844 interfecit.
390 3784 487 3844 *Vnde
505 3785 636 3844 Derras:
662 3785 754 3844 Euri·
795 3795 824 3844 et
851 3787 982 3844 occisum
1011 3784 1095 3842 traxit
1123 3785 1233 3843 circum
1265 3787 1350 3844 busta

197 3867 295 3925 damas
321 3872 428 3926 tractus
458 3874 500 3926 ter
534 3869 639 3926 circum
674 3868 753 3926 bruta
794 3865 937 3926 Thrasilli.
978 3863 1076 3924 Mure.

235 4075 294 4122 329.
313 4058 430 4112 Historia
443 4061 555 4126 confessa,
568 4060 613 4111 sed
623 4069 650 4112 ut
662 4059 787 4128 supersint
789 4060 948 4127 fragmenta
961 4058 1016 4110 uera¹
1044 4055 1190 4108 metridate
1204 4055 1230 4108 G
1240 4055 1348 4110 CMure

196 4128 354 4197 phagonum
367 4130 392 4182 C
459 4145 556 4182 socero
569 4129 667 4182 CAsh.
747 4128 861 4181 insulam
875 4129 940 4181 Ash.
1012 4127 1167 4193 anchigenis
1180 4127 1244 4178 Ask.
1317 4133 1348 4196 et

198 4206 294 4252 —erat
306 4219 356 4252 om.
369 4201 434 4254 Ash.
522 4199 759 4253 fauoranusetiam
773 4201 837 4251 Ash.
927 4197 1070 4265 cibiqueC
1151 4197 1268 4264 ciboque
1281 4199 1348 4252 Ash«

198 4269 248 4323 hac
261 4286 373 4338 quoque
385 4276 476 4323 morte
491 4272 555 4324 Ask.
627 4270 766 4323 mitridate
779 4271 840 4339 Reg.
911 4268 945 4320 ab
958 4265 1271 4320 amastrisfiliaorriartis
1283 4268 1348 4339 Reg.

197 4342 242 4393 Ex
267 4341 345 4394 Bern.
365 4356 414 4405 711
438 4342 576 4396 Merkelius
599 4352 719 4395 enotarat
742 4340 871 4393 Lenneus
891 4355 940 4391 rex
962 4338 1136 4390 amastricum
1161 4354 1177 4390 a
1200 4338 1348 4392 metridate

196 4411 285 4479 paphl.
298 4428 363 4478 rege
376 4427 473 4464 socero
485 4412 588 4464 achillis
605 4414 632 4464 in
646 4411 731 4464 insula
743 4417 829 4480 ponto
842 4409 913 4462 solus
926 4415 968 4462 est
981 4409 1092 4461 relictus
1104 4409 1177 4461 unde
1190 4408 1348 4465 fanoxsinus

196 4502 252 4537 cum
265 4483 372 4536 disticho
384 4503 433 4536 om.
444 4483 529 4550 perit.

234 4571 294 4620 331.
312 4553 467 4607 euridamas
479 4560 508 4608 et
520 4553 664 4609 trasilusG
702 4551 824 4607 trasiliG
863 4551 935 4606 Num
948 4549 1104 4606 Tharsillo?
1148 4551 1349 4606 tracsilliMure
