3296 5210
646 381 870 486 axevnsvs
1277 439 1332 493 ινα

178 583 213 638 iis
226 583 303 653 quod
316 592 382 638 ante
395 582 625 650 commemoraui,
639 582 666 637 h.
675 599 699 636 e.
713 579 747 636 δι’
758 579 864 650 αἵματος
875 584 1037 653 παραλαβεῖν
1048 583 1094 653 τὴν
1105 586 1220 655 χώραν,8
1249 587 1334 642 Hanc

167 653 401 723 'Astymedusam
423 653 483 708 siue
507 652 659 708 Medusam
682 651 790 720 (Schol.
814 653 921 709 Phoen.
943 666 984 725 55,
1006 656 1138 725 Apollod.
1161 656 1189 712 ii.
1211 672 1237 725 4.
1260 655 1286 726 5)
1309 657 1333 713 si

178 725 299 794 scriptor
316 724 413 793 lbidis,
430 723 628 794 nescioquem
647 733 769 791 secutus,
786 725 942 792 patruelem
961 726 1079 781 finxerat
1097 726 1158 782 eius
1174 727 1219 782 cui
1238 727 1334 798 nupsit

179 795 347 866 Oedipodis,
367 794 508 850 artissime
527 795 718 850 cohaerebunt
737 799 805 848 ueta
823 797 942 849 sz'm'stra
960 796 1065 852 Thesei
1087 797 1116 851 in
1137 797 1334 868 Hippolytum,
1395 805 1398 812 ’

179 865 339 936 Oedipodis
352 865 380 920 in
396 865 469 920 filios
483 882 567 920 suos:
590 881 657 919 nam
675 873 704 919 et
723 863 752 917 hi
771 873 800 919 et
818 864 865 920 ille
883 883 1036 921 nouercam
1055 867 1223 924 sollicitasse
1238 870 1335 925 crede·

142 968 144 972 Α
177 937 290 992 bantur.
327 938 422 1006 Atque
435 935 610 990 Pitthiden
627 952 726 990 uerum
741 951 805 990 esse
822 936 913 1005 magis
930 936 1058 992 adducor
1073 949 1104 995 ut
1121 939 1244 1010 credam,
1258 939 1335 1012 quod

180 1007 351 1062 Merkelium
364 1007 449 1062 uideo
462 1006 503 1060 sic
515 1005 671 1060 coniecisse

393 1080 431 1133 Et
450 1094 523 1148 quae
543 1076 682 1132 Pitthides
700 1075 776 1145 iecit,
794 1075 954 1165 pariterque
975 1079 1110 1136 Molinae.

180 1148 223 1203 Cf.
236 1149 321 1204 Paus.
334 1167 360 1203 v.
373 1163 399 1204 2.
413 1163 428 1202 2
448 1149 482 1202 ὣς
498 1149 527 1200 δὲ
545 1147 690 1218 ἡμάρτανον
705 1147 747 1200 καὶ
762 1169 864 1215 τουτου,
877 1149 994 1217 Μολίνην
1009 1150 1103 1204 θέσθαι
1121 1151 1207 1220 φασὶν
1220 1151 1263 1207 ε’πί
1280 1155 1336 1208 τοῖς

177 1220 298 1275 πολίταις
313 1219 432 1288 κατάρας,
450 1218 481 1285 ἢν
494 1217 616 1287 Ἰσθμίων
633 1217 668 1286 μὴ
686 1217 785 1272 θελώσι
802 1215 953 1289 είργεσθαιτ
979 1219 1008 1274 in
1027 1222 1137 1277 Isthmo
1153 1221 1230 1278 enim
1248 1222 1335 1279 etiam

180 1289 370 1360 Hippolytum
382 1289 518 1344 afflictum
531 1288 626 1344 fuisse.
655 1288 739 1358 Quod
752 1305 925 1360 quamquem
938 1289 1084 1360 ingeniose
1097 1302 1127 1347 ut
1140 1293 1211 1348 solet
1224 1293 1335 1364 excogi-

177 1361 259 1430 tauit,
274 1360 422 1415 obscurior
440 1359 488 1414 illa
507 1358 764 1415 Molinae-deuotio
781 1375 867 1429 quam
886 1377 1041 1430 quaecum
1059 1362 1208 1433 Hippolyti
1227 1381 1336 1420 conexa

179 1430 235 1486 sit:
259 1441 321 1486 tum
339 1430 386 1484 uix
406 1429 580 1486 Ouidianum
598 1439 658 1486 erat
678 1439 743 1499 post
761 1446 834 1499 quae
851 1430 993 1486 Pitthides
1004 1433 1078 1502 serzi
1098 1450 1175 1488 noua
1196 1444 1336 1490 structura

178 1501 286 1556 addere
299 1503 467 1572 pan'terque
483 1499 613 1556 Molinae
630 1499 730 1570 (uota).
768 1502 871 1571 Neque
890 1500 952 1571 ipse
969 1503 1124 1559 Merkelius
1143 1503 1335 1561 coniecturam

179 1589 262 1628 suam
275 1572 304 1626 in
317 1589 432 1628 carmen
445 1571 568 1627 admisit.

175 1699 180 1711 ,
217 1645 350 1698 Ceterum
369 1652 434 1713 post
452 1641 698 1712 interpretationes
714 1641 935 1697 aliorum-nam
955 1642 1026 1697 nihil
1044 1661 1079 1699 ex
1096 1643 1142 1700 his
1158 1662 1265 1700 nouum
1283 1645 1335 1700 fuit

179 1713 234 1768 nisi
248 1714 325 1784 quod
333 1714 485 1784 fraterque
496 1713 633 1767 Medusae
645 1712 681 1767 de
695 1712 807 1782 Oedipo
819 1711 927 1782 primus
939 1713 1139 1785 interpretatus
1153 1717 1336 1773 sum—liceat

174 1783 250 1840 -mihi
263 1783 371 1855 aliquid
383 1783 524 1855 peculiare
537 1784 661 1854 proferre
674 1792 702 1837 et
715 1782 751 1838 de
764 1800 837 1839 meu.

217 1857 295 1910 Nam
312 1855 365 1910 sub
377 1854 465 1910 dubio
482 1854 530 1909 illo
545 1853 729 1908 Penthides
746 1853 905 1910 Pentides
922 1863 1033 1924 poterat
1048 1855 1137 1912 etiarn
1150 1855 1227 1912 aliud
1239 1858 1335 1914 latere.

181 1925 355 1991 Hauthalius
368 1926 397 1980 in
411 1925 532 1980 Scholiis
544 1923 664 1980 Acronis
678 1924 716 1979 ad
730 1926 800 1980 Hor.
814 1923 831 1980 i.
845 1925 887 1980 28.
905 1941 938 1980 10
955 1928 1096 1996 panthoi
1109 1928 1187 1984 uarie
1200 1928 1336 1999 scriptum

179 1996 340 2122 Eanthois
365 1996 483 2066 panthi
508 1996 652 2065 penthus
674 1994 778 2050 tradit:
806 2011 893 2078 quarn
915 1996 1036 2052 eandem
1058 2000 1246 2069 corruptelam
1268 1998 1337 2054 Rib.

201 2067 298 2123 eckius
315 2069 425 2136 Proleg.
444 2084 490 2136 pp.
505 2067 565 2135 384,
581 2078 594 2134 5
612 2065 673 2121 fuse
692 2083 726 2120 ex
738 2065 855 2136 Vergilii
875 2067 1020 2123 codicibus
1039 2067 1196 2125 illustrauit.
1235 2072 1337 2141 Itaque

181 2137 390 2194 Panthoides
407 2155 441 2193 ex
461 2136 646 2192 Penthides
663 2136 753 2192 elicio,
791 2137 876 2206 Quod
893 2137 916 2192 si
934 2155 1000 2194 uere
1017 2139 1108 2208 elicui,
1121 2139 1159 2195 ad
1177 2142 1337 2197 Homerum

180 2208 358 2264 reuoluimur.
398 2209 543 2263 Panthous
561 2207 638 2262 enirn
654 2224 726 2262 unus
742 2225 777 2263 ex
793 2207 968 2278 principibus
981 2209 1168 2265 Troianorum
1181 2229 1216 2266 ex
1229 2212 1337 2266 Phron-

180 2279 240 2335 tide
261 2279 334 2334 filios
355 2289 412 2335 tres
431 2278 538 2334 creauit
557 2277 765 2347 Pulydamanta
787 2279 973 2347 Euphorbum
993 2281 1188 2350 Hyperenora.
1225 2283 1270 2336 Ex
1291 2281 1336 2337 his

181 2350 304 2406 Panthoi
329 2349 393 2404 filiis
416 2348 539 2404 Romani
560 2359 663 2419 poetae
684 2365 772 2403 unum
794 2349 981 2418 Euphorbum
1004 2351 1183 2407 Panthoiden
1204 2351 1337 2408 uidentur

179 2421 353 2490 nominasse,
363 2421 441 2492 quod
450 2438 554 2476 nornen
564 2419 651 2476 etiam
664 2418 693 2473 in
705 2418 794 2474 Iliade
804 2419 890 2475 habet
900 2419 954 2475 xvi.
965 2421 1017 2476 808
1030 2421 1175 2489 Πανθοίδης
1186 2425 1336 2493 Εὔφορβος,

179 2493 215 2547 cs.
234 2491 297 2546 xvii.
312 2493 354 2560 81,
372 2501 400 2546 et
419 2503 455 2558 70
471 2490 625 2545 Πανθαίδαο.
664 2492 734 2544 Hor.
750 2491 779 2546 C.
796 2488 813 2544 i.
831 2491 872 2544 28.
887 2505 923 2544 20
939 2490 1094 2562 habentque
1116 2494 1241 2547 Tartara
1259 2493 1336 2548 Pan-

180 2562 301 2618 thoiden.
329 2562 413 2618 Ouid.
425 2565 465 2617 M.
476 2581 520 2616 xv.
532 2562 578 2616 161
593 2560 766 2615 Panthoides
774 2561 824 2614 Eu
843 2560 947 2616 herbas
955 2579 1041 2618 eram.
1074 2565 1137 2618 Iam
1149 2573 1179 2618 ut
1190 2561 1336 2619 Panthous

180 2633 257 2690 circa
271 2633 414 2688 Priamum
428 2632 475 2703 (Il.
487 2631 524 2687 iii.
542 2631 603 2701 146)
617 2631 658 2686 sic
672 2629 793 2686 Panthoi
832 2630 885 2686 lius
902 2633 1073 2702 Pulydamas
1088 2633 1164 2688 circa
1181 2635 1336 2690 Hectorem

180 2702 346 2775 plerumque
365 2713 494 2758 uersatur
512 2702 578 2770 (xiii.
593 2715 626 2769 72
631 2714 654 2771 5,
669 2714 685 2768 7
690 2702 730 2770 56,
749 2701 802 2758 xiv.
820 2716 881 2770 44ο,
898 2717 959 2772 449,
978 2721 1021 2758 xv.
1039 2705 1101 2774 446,
1117 2706 1179 2774 458,
1198 2717 1257 2774 515,
1278 2707 1336 2774 518,

180 2775 257 2830 xviii.
270 2773 345 2845 249).
382 2776 460 2828 Nam
476 2772 577 2844 reliqui
597 2773 645 2836 filii
663 2773 835 2843 Euphorbus
847 2782 875 2828 et
890 2774 1059 2843 Hyperenor
1071 2777 1159 2831 semel
1178 2785 1289 2830 tanturn
1307 2777 1336 2830 in

180 2845 273 2902 aciem
291 2845 440 2915 prodeunt,
459 2844 631 2914 Euphorbus
651 2860 707 2914 quo
726 2841 773 2898 die
792 2844 953 2898 Patroclum
974 2845 1032 2900 telo
1050 2845 1179 2902 coniecto
1199 2847 1337 2915 uulnerat,

181 2926 268 2987 atque
286 2916 348 2986 ipse
366 2933 384 2971 a
404 2915 537 2971 Menelao
556 2913 694 2970 occiditur
713 2913 777 2981 (xvi.
796 2915 847 2969 808
863 2931 934 2985 sqq,
953 2915 1016 2970 xvii.
1036 2928 1076 2987 59,
1092 2916 1147 2985 60),
1167 2918 1338 2987 Hyperenor

180 3005 277 3043 cuma
291 2988 425 3043 Menelao
439 2984 593 3056 perimitur,
606 2985 683 3056 quod
699 3002 735 3039 ne
753 2985 846 3054 ipsum
863 2985 978 3056 quidem
995 2985 1050 3041 nisi
1063 3003 1081 3042 a
1095 2989 1229 3043 Menelao
1241 3005 1337 3044 narra·

180 3068 242 3113 tum
263 3067 306 3114 est
326 3057 401 3128 (xvii.
421 3055 475 3126 24).
512 3056 572 3112 Sed
590 3055 724 3138 quoniam
744 3055 867 3111 Panthoi
888 3073 953 3111 cum
973 3057 1096 3126 Priamo,
1114 3058 1338 3114 Panthoidarum

180 3146 247 3183 cum
261 3128 411 3184 Priamidis
428 3126 552 3182 maxima
568 3127 620 3187 surt
635 3126 825 3196 necessitudo,
838 3126 976 3183 habemus
993 3145 1049 3199 quo
1065 3129 1202 3185 referatur
1214 3131 1291 3200 quod
1307 3130 1336 3184 in

183 3199 273 3254 Ibidis
286 3217 370 3254 uersu
386 3209 429 3255 est
446 3197 679 3252 obscurissimum
697 3197 801 3253 frater
819 3198 990 3254 Medusae.
1029 3200 1107 3254 Nam
1125 3200 1248 3256 Medusa
1265 3201 1338 3256 inter

181 3270 254 3325 filias
268 3269 372 3326 Priami
390 3279 553 3325 recensetur
564 3286 582 3324 a
595 3266 690 3323 multis
705 3270 753 3338 Hy
773 3311 779 3323 .
795 3269 837 3337 89,
853 3270 983 3339 Apollod.
998 3267 1036 3324 iii.
1053 3285 1091 3325 12.
1108 3282 1131 3340 5,
1148 3273 1230 3326 Faus,
1244 3291 1268 3326 x.
1283 3272 1336 3327 26:

182 3340 268 3413 idque
280 3341 385 3397 fecerat
398 3339 577 3396 Stesichorus
593 3339 688 3408 (Paus.
701 3356 728 3394 u.
739 3286 789 3407 ἃ
810 3356 878 3394 nam
895 3341 971 3410 apud
986 3343 1144 3396 Homerum
1160 3359 1266 3398 nomen
1279 3359 1337 3398 non

181 3411 332 3468 inuenitur.
370 3411 429 3467 Sed
441 3427 495 3480 age
507 3428 605 3466 uersus
618 3409 813 3479 inspiciantur.

395 3484 433 3536 Et
452 3499 525 3552 quae
545 3480 718 3536 Panthoides
737 3480 803 3536 iecit
821 3480 858 3534 de
876 3481 961 3536 fratre
981 3481 1121 3536 Medusae

430 3551 573 3608 Eueniant
592 3551 697 3620 capiti
716 3561 784 3606 uota
802 3550 917 3606 sinistra
935 3561 998 3606 tuo.

219 3626 253 3678 In
275 3624 377 3696 quibus
399 3623 487 3678 uerba
507 3623 563 3678 ista
582 3623 675 3704 capiti
692 3627 741 3676 tuo
762 3638 820 3675 non
841 3632 949 3676 temere
969 3621 1063 3691 posita
1084 3622 1136 3676 sed
1155 3623 1237 3692 quasi
1259 3634 1337 3679 certa

181 3695 379 3765 designatione
392 3694 429 3749 ad
443 3694 535 3764 ipsum
549 3695 692 3763 Sphingos
706 3691 798 3748 cubile
810 3708 863 3746 nos
876 3692 1032 3747 deductura
1045 3693 1173 3747 arbitror.
1211 3696 1288 3748 Nam
1304 3695 1335 3750 ll.

181 3766 245 3821 xvii.
260 3768 294 3836 38
314 3765 487 3847 Panthoides
501 3765 681 3834 Euphorbus
694 3772 845 3833 postquam
863 3762 888 3818 ei
905 3773 1027 3819 mortem
1045 3764 1194 3818 Menelaus
1212 3764 1336 3834 minatus

181 3837 427 3958 est,haecd1clgH
445 3906 474 3960 κε’
491 3907 558 3974 σφιν
576 3905 688 3959 δειλοῖσι
704 3907 769 3975 γόου
787 3906 938 3973 κατάπαυμα
955 3904 1083 3975 γενοίμην,

395 3974 429 4030 Εἴ
443 3998 486 4031 κεν
503 3977 554 4048 ἐγὼ
573 3976 689 4047 κεφαλήν
707 3998 735 4029 τε
753 3974 812 4044 τεὴν
829 3977 871 4029 καί
888 3974 972 4046 τείχε’
983 3975 1080 4030 ἐνείκας

393 4048 490 4118 Πάνθῳ
508 4049 535 4101 ἐν
553 4048 675 4118 χείρεσσι
692 4048 767 4111 βάλω
787 4047 828 4101 καὶ
846 4047 964 4115 Φρόντιδι
982 4045 1032 4114 δίῃ.

220 4121 305 4174 Hanc
323 4117 445 4188 capitis
465 4118 679 4175 deuotionem
702 4118 874 4188 Euphorbus
894 4117 1054 4186 inprecatur
1074 4116 1207 4172 Menelao
1226 4131 1336 4170 memor

182 4190 229 4246 ille
248 4190 363 4260 quidem
381 4189 474 4244 fratris
491 4190 529 4244 ab
549 4206 583 4244 eo
602 4199 668 4243 ante
687 4187 782 4254 occisi,
802 4188 878 4258 quod
900 4188 976 4243 idern
998 4189 1087 4243 fatum
1109 4187 1258 4243 Menelaus
1281 4185 1335 4256 ipsi

181 4261 327 4316 minitatus
341 4271 408 4316 erat.
447 4260 505 4315 Sed
521 4276 579 4315 non
596 4261 632 4314 de
650 4260 704 4314 hoc
718 4260 803 4314 fratre
816 4264 884 4313 uota
896 4258 944 4314 illa
955 4260 1074 4314 sinistra
1086 4258 1162 4327 facit,
1176 4267 1275 4328 utpote
1287 4257 1336 4312 diu

181 4331 239 4388 iarn
258 4341 378 4401 mortuo,
396 4331 447 4387 sed
466 4331 502 4386 de
521 4348 556 4386 eo
572 4347 659 4401 quem
677 4332 762 4400 paulo
781 4340 847 4387 ante
864 4347 979 4385 caesum
994 4347 1012 4384 a
1025 4329 1143 4386 Graecis
1159 4339 1208 4384 aut
1225 4328 1336 4384 uiderat

180 4497 312 4610 &saphin
319 4498 384 4560 Pyrr.
392 4493 475 4556 ἱκ.τῆς
482 4493 601 4559 τραγικῆς
609 4493 668 4557 ἀρᾶς
676 4490 778 4555 {nstrum
790 4490 885 4555 θηκτῷ
895 4490 1004 4556 σιδήρῳ
1017 4491 1096 4553 δῶμα
1108 4491 1268 4554 διαλαχεῖν
1280 4490 1337 4542 τοὺς

212 4580 223 4610 ε
242 4571 308 4626 pavr.

724 4641 749 4687 N
775 4643 792 4688 2
