3296 5210
304 439 361 496 152
696 431 1043 496 COMMENTARIVS.

301 589 444 661 Ἀργυρίων
462 589 598 646 ὑπόπλεως
619 587 724 660 (Bergk
743 590 774 645 P.
789 591 818 644 L
838 607 867 660 p.
882 587 970 658 1202).
1013 585 1100 641 Πολδ
1122 584 1145 640 δ’
1166 585 1384 657 ἀσελγεστέρᾳ
1406 581 1454 638 καί

302 661 537 730 ἀναπεπταμένῃ
548 663 669 729 μᾶλλον
680 661 723 716 είς
734 661 787 714 τδν
797 659 1014 728 Θεμιστοκλέα
1026 659 1215 728 βλασφημίᾳ
1228 659 1379 727 κέχρηται
1390 657 1454 723 μετὰ

301 733 348 800 τήν
362 732 449 802 φυγήν
464 731 542 786 αιἰτοῦ
561 733 602 785 καὶ
619 731 666 798 τήν
682 728 818 798 καταδίκην
829 732 844 783 ό
856 730 1001 801 Τιμοκρέων
1016 727 1089 817 δσμο
1105 731 1224 799 ποιήσας,
1238 728 1268 783 οὗ
1286 729 1361 782 ε’στιν
1378 727 1455 797 ἀρχή·

303 807 399 856 Μοῦσα
415 801 491 857 τοῦδε
509 805 555 856 τοῦ
573 801 665 870 μέλεος
677 801 760 857 Κλέος
778 799 956 856 ἀν”Ελλανας
973 801 1037 855 τίθει
1058 807 1094 854 Ως
1112 800 1193 855 εὀικδς
1210 801 1251 852 καὶ
1268 799 1374 854 δίκαιον.
1413 800 1456 854 Cf.

304 873 407 928 Suidas
424 890 448 928 s.
460 889 485 927 u.
499 873 652 940 Τιμοκρέων·
671 872 708 927 είς
721 872 752 924 δν
765 872 1010 941 (Themistoclem)
1024 872 1064 925 καί
1077 870 1190 939 ε’ξύφανε
1202 872 1304 940 ψόγον
1316 869 1354 922 δι’
1365 869 1455 936 έμμε-

301 945 376 998 λοῦς
393 945 477 998 τινὸς
494 965 545 996 τοι
555 943 670 1011 ’ματος
705 942 875 997 Timocreon
892 952 977 1012 poeta
992 941 1094 1011 lyricus
1107 941 1184 1010 (uide
1198 939 1406 995 Bemhardium
1418 940 1457 995 ad

304 1014 384 1069 Suid.
397 1013 425 1067 ii.
444 1031 471 1083 p.
488 967 565 1082 1143l
579 1015 642 1069 exul
655 1014 692 1068 de
703 1014 794 1082 patria
809 1015 911 1082 Ialyso,
924 1014 993 1068 urbe
1007 1012 1128 1080 Rhodia,
1141 1012 1218 1082 quod
1232 1011 1326 1065 Medis
1338 1011 1456 1079 feneret,

303 1102 369 1139 cum
381 1084 504 1139 amicum
514 1085 736 1139 Themistoclem
749 1084 851 1138 frustra
863 1085 1041 1153 implorasset
1050 1093 1081 1136 ut
1094 1083 1123 1136 in
1136 1082 1257 1153 patriam
1266 1093 1455 1150 reuocaretur,

302 1173 407 1226 poema
425 1154 537 1225 scripsit
558 1172 614 1226 quo
636 1172 701 1209 eum
723 1155 858 1223 arguebat
876 1165 1023 1235 tamquam
1046 1163 1141 1224 spreta
1160 1153 1284 1213 amicitia
1305 1152 1457 1222 pecuniam

303 1226 461 1296 accepisset
479 1243 515 1280 ne
534 1225 588 1280 sibi
606 1225 728 1280 reditum
747 1226 878 1280 efficeret.
916 1225 1083 1294 Diciturque
1096 1224 1302 1278 Themistocles
1320 1223 1382 1292 ipse
1400 1224 1457 1277 suf-

303 1297 424 1365 fragium
446 1306 545 1350 contra
565 1296 794 1351 Timocreontem
816 1296 852 1350 de
872 1294 1013 1350 medisrno
1032 1312 1112 1349 reum
1133 1295 1239 1350 tulisse.
1284 1296 1348 1348 Nec
1368 1294 1457 1348 semel

303 1377 415 1422 tantum
428 1367 597 1421 Timocreon
615 1383 680 1421 eum
696 1366 847 1434 lacessiuit,
860 1367 912 1421 sed
924 1366 980 1421 alia
992 1365 1079 1420 etiam
1091 1365 1203 1435 scripsit
1216 1374 1369 1434 postquam
1382 1365 1457 1418 The-

303 1437 448 1492 mistocles
470 1439 532 1492 exul
554 1437 615 1506 ipse
636 1437 727 1491 sactus
749 1447 800 1493 est.
844 1438 938 1506 Quam
960 1453 1078 1506 asperae
1099 1436 1211 1505 linguae
1233 1435 1315 1490 fuerit
1337 1444 1458 1489 testatur

304 1509 480 1578 epigramma
492 1525 537 1577 ap.
547 1509 651 1563 Athen.
661 1520 712 1576 415
723 1509 817 1560 Πολλὰ
829 1509 922 1577 φαγὼν
932 1509 972 1560 καὶ
983 1508 1072 1562 πολλὰ
1084 1510 1149 1560 πιὼν
1161 1507 1201 1558 καὶ
1214 1507 1303 1559 πολλὰ
1316 1507 1371 1558 κάκ’
1379 1505 1458 1560 εἰπὼν

303 1581 468 1647 Ἀνθρώπους
480 1582 562 1648 κεῖμαι
574 1579 719 1647 Τιμοκρέων
729 1577 835 1633 Ῥόδιος.
907 1581 978 1632 526.
995 1581 1125 1633 dextera
1135 1581 1222 1631 laesa
1233 1594 1251 1631 a
1264 1576 1458 1630 Themistocle

304 1650 410 1705 uiolata
418 1650 489 1704 fides
497 1648 806 1716 amicitiae‚cf.Aen.iv.
814 1649 1026 1718 597Ender¹tra
1027 1650 1160 1719 fidesque.
1181 1649 1265 1716 Quod
1274 1665 1343 1701 sane
1351 1647 1457 1702 durius.

304 1721 378 1776 Vide
392 1723 559 1775 Excursum.
629 1723 698 1775 527.
713 1720 810 1789 Steph.
825 1722 855 1774 B.
869 1737 891 1773 s.
902 1737 927 1774 11.
941 1718 1072 1789 Ὀρέστας.
1092 1720 1221 1788 θεαγένης
1234 1719 1260 1772 ἐν
1273 1717 1458 1772 Μακεδονικοῖς

304 1795 389 1861 φησιν
400 1791 439 1844 ὅτι
458 1791 513 1844 ε’πεὶ
530 1789 624 1860 ἀφείθη
640 1794 686 1858 τής
702 1791 792 1858 μανίας
803 1789 937 1859 Ὀρέστης,
949 1788 1054 1860 φεόγων
1067 1789 1109 1842 διὰ
1126 1789 1172 1856 τήν
1184 1789 1246 1842 αἰδῶ
1262 1789 1327 1857 μετὰ
1343 1788 1389 1855 τῆς
1399 1786 1458 1856 Ἔρ-

303 1865 392 1952 μιόνης
405 1861 440 1916 είς
452 1860 545 1928 ταίνιην
556 1859 620 1928 ήλθε
633 1861 679 1928 τήν
690 1862 739 1930 γῆν
751 1860 791 1913 καὶ
803 1861 882 1915 παῖδα
894 1860 974 1930 ἔσχεν
985 1857 1120 1929 Ὀρέστην,
1130 1858 1160 1912 αὖ
1173 1859 1298 1930 ἄρξαντος
1309 1859 1459 1927 ἐκλήθησαν

313 1932 435 2001 Ορέστοι·
461 1931 537 1985 oriris
555 1931 584 1984 δέ
604 1930 654 1984 ὑπὸ
675 1930 777 2000 ἐχίδνης
795 1929 898 2001 δηχθεὶς
916 1930 1019 1998 θνήσκει
1038 1931 1074 1986 εἷς
1092 1929 1187 2000 χωρίον
1204 1931 1249 1997 τῆς
1265 1928 1410 2000 Ἀρκαδίας,
1428 1930 1458 1983 τὸ

304 2004 445 2071 λεγόμενον
458 1999 616 2071 Ὀρέστειον.
653 2001 765 2056 Eadem
783 2003 869 2056 habet
889 2002 985 2056 Schol.
1002 2001 1099 2071 Eurip.
1117 2003 1209 2056 Orest.
1227 2001 1302 2068 1645,
1316 2001 1407 2054 Tzetz.
1420 1999 1458 2053 ad

306 2074 373 2142 Lyc.
385 2085 458 2140 1374
517 2074 588 2126 528.
607 2077 698 2126 11111111
709 2075 846 2128 habente
859 2072 943 2127 Trist.
957 2071 992 2128 iv.
1005 2088 1024 2126 1.
1040 2074 1074 2138 84
1086 2072 1140 2125 telo
1153 2073 1236 2126 uirus
1247 2071 1363 2124 habente
1370 2072 1457 2140 pent.

305 2147 374 2198 529.
393 2146 533 2208 coniugii
550 2159 615 2197 nox
629 2147 739 2208 pruma
778 2145 844 2198 Sen.
859 2144 992 2198 Controu.
1006 2143 1023 2198 i.
1037 2159 1061 2196 2.
1076 2157 1109 2196 22
1124 2145 1204 2196 Burs.
1217 2144 1361 2196 Nouimus
1373 2143 1459 2195 estam

304 2216 475 2268 morr'torum
503 2213 710 2282 abstinentiam,
737 2216 790 2283 qui
811 2215 925 2268 etiamsi
947 2214 1087 2283 primam
1113 2211 1301 2282 uirginibus
1329 2211 1459 2265 timidis

304 2285 465 2340 remisere
482 2294 623 2352 noctem,
642 2286 746 2338 uicinis
763 2290 858 2338 tamen
876 2285 944 2339 loces
961 2285 1073 2339 ludunt.
1158 2287 1333 2338 nouissima
1350 2281 1459 2336 ultima.

305 2359 376 2411 530.
388 2358 528 2421 eupolis.
545 2357 579 2410 A.
589 2355 671 2410 P.vii.
680 2355 731 2423 298
740 2355 799 2408 Aioi
808 2359 885 2408 τοῦτο
896 2356 1026 2421 κάκιστον,
1031 2354 1093 2408 ὅταν
1100 2354 1210 2408 κλαίωσι
1218 2355 1327 2407 θανόντα
1337 2353 1461 2422 Νυμφίον

303 2425 318 2494 ή
339 2426 450 2497 νύμφην·
469 2425 541 2493 ἡνίκα
560 2425 581 2479 δ’
599 2425 771 2494 ἀμφοτέρους,
787 2427 902 2478 Εὔπολιν
920 2425 954 2480 ὡς
971 2424 1070 2496 ἀγαθήν
1087 2447 1116 2479 τε
1131 2425 1273 2484 Λυκαίνιον,
1290 2425 1325 2477 ὧν
1341 2422 1460 2492 ὑμέναιον

297 2495 435 2562 Ἐσβεσεν
447 2497 474 2550 έν
487 2498 576 2565 πρώτη
594 2497 663 2550 νυκτὶ
681 2498 770 2550 πεσὼν
787 2496 910 2564 θάλαμος,
924 2497 977 2549 Οὐκ
993 2497 1078 2549 ἄλλου
1094 2495 1154 2549 τόδε
1171 2495 1247 2562 κῆδος
1261 2492 1413 2564 ίσόῤῥοπον,
1426 2494 1461 2548 ὣς

306 2569 341 2622 σὺ
365 2569 412 2637 μὲν
432 2569 495 2633 υίόν,
516 2569 584 2635 Νῖκι,
607 2567 641 2620 σὺ
665 2565 687 2619 δ’
709 2566 848 2634 ἔκλαυσας,
870 2565 986 2632 Θεόδικε,
1009 2566 1136 2637 θυγατέρα
1162 2565 1271 2633 (Const.
1297 2562 1460 2632 Fanensis).

306 2639 404 2693 Etiam
416 2639 503 2693 Anth.
518 2639 547 2691 P.
562 2637 596 2692 ix.
607 2651 659 2703 422
674 2636 818 2705 Diogenes
832 2637 949 2707 quidam
962 2636 1064 2692 dicitur
1075 2654 1180 2691 nouum
1193 2637 1284 2690 iniens
1298 2635 1460 2704 coniugium

305 2710 398 2780 prima
410 2719 494 2763 nocte
507 2725 571 2762 cum
584 2717 673 2778 nupta
685 2707 809 2777 periisse.
883 2710 948 2764 531.
960 2712 1185 2762 oothurnetum
1196 2707 1335 2775 tragicum
1345 2715 1460 2776 poetam

305 2779 472 2836 Am.ii.18.
491 2780 539 2832 18:
568 2777 608 2832 sic
627 2777 827 2832 cothurnatum
845 2784 939 2832 uatem
958 2779 1026 2833 dicit
1046 2778 1212 2848 Euripidem
1232 2790 1290 2846 595.
1362 2781 1461 2842 Lyco-

306 2854 430 2915 phrona
443 2853 531 2904 Tzetz.
548 2850 640 2903 Schol.
657 2851 722 2918 Lyc.
736 2865 762 2918 p.
775 2849 826 2917 263
841 2850 944 2904 Miiller
954 2847 985 2901 ‘0
999 2851 1143 2919 Λυκόφρων
1154 2853 1191 2921 τῷ
1204 2849 1251 2916 μὲν
1281 2847 1330 2900 ένει
1345 2845 1376 2914 ἦν
1388 2850 1460 2900 Χαλ-

306 2921 390 2976 κιδεὺς
407 2922 461 2975 υίὸς
479 2921 618 2982 Σωκλέους,
637 2917 652 2987 ἢ
672 2919 756 2972 Λύκου
774 2924 820 2973 τοῦ
839 2921 1047 2991 ἱστοριογράφου
1066 2920 1130 2973 κατά
1147 2940 1224 2976 τινας.
1260 2871 1291 2986 iu
1310 2918 1339 2971 δὲ
1357 2915 1393 2973 εἶς
1410 2923 1461 2971 τῶν

306 2992 370 3045 έπτίι
383 2995 502 3058 ποιητῶν,
515 2986 606 3044 οίτινες
623 2989 664 3042 διὰ
683 2991 713 3043 τδ
730 2990 795 3044 ἕπτά
812 2985 875 3044 εἶναι
889 2993 934 3058 τῆς
950 2991 1073 3046 πλειάδος
1090 2990 1222 3059 ε’λέγοντο.
1259 2987 1326 3056 ἦσαν
1344 2988 1372 3042 δὲ
1390 2985 1461 3041 οὗτοι

306 3063 335 3116 έν
343 3064 447 3131 χρόνοις
460 3061 621 3127 Πτολεμαίου
633 3064 679 3114 τοῦ
691 3061 862 3129 Φιλαδελφου
874 3063 914 3114 καὶ
924 3062 1063 3130 Βερενίκης.
1102 3061 1183 3115 Idem
1196 3059 1263 3114 dicit
1274 3061 1462 3129 Lycophrona

307 3133 343 3198 64
356 3133 401 3185 uel
414 3132 448 3198 46
461 3129 621 3199 tragoedias
635 3130 782 3200 scripsisse
796 3141 907 3200 praeter
919 3131 1110 3186 Alexandrum
1125 3131 1134 3198 (
1156 3174 1162 3186 .
1177 3131 1250 3200 270),
1263 3130 1413 3199 exquibus
1429 3143 1462 3198 19

307 3202 424 3256 nomina
438 3201 545 3254 habent
563 3218 607 3269 ap.
623 3201 740 3256 Suidam
754 3201 880 3269 (Clinton
894 3204 926 3257 F.
942 3203 1029 3267 11111.
1051 3219 1076 3272 p.
1093 3149 1168 3271 soil.¹
1234 3204 1303 3257 532.
1322 3205 1461 3256 Haereat

306 3275 372 3326 fixa
390 3273 457 3340 figat
476 3289 507 3324 se
526 3281 553 3325 et
572 3272 696 3326 haereat.
767 3275 857 3327 fibris
875 3273 935 3327 siue
954 3273 1054 3327 iecoris
1073 3273 1133 3334 siue
1151 3271 1300 3343 pulmonis.
1340 3274 1405 3325 Hoc
1424 3271 1461 3325 ab

220 3390 227 3400 .
308 3343 365 3396 alio
390 3341 503 3397 nemine
528 3341 639 3396 uidetur
659 3342 800 3397 traditum
844 3345 902 3398 Sed
923 3361 980 3398 non
1003 3344 1064 3399 sine
1086 3361 1173 3398 causa
1191 3343 1383 3424 Lycophronis
1403 3343 1466 3396 atri

308 3414 391 3481 (Stat.
414 3414 443 3467 S.
463 3432 489 3467 v.
511 3427 535 3480 3.
559 3413 619 3482 157)
640 3413 813 3468 mentionem
835 3414 1007 3484 fecitpoeta
1029 3414 1127 3483 Ibidis,
1148 3414 1280 3468 carminis
1301 3412 1349 3466 uix
1367 3413 1461 3466 minus

307 3482 486 3538 tenebricosi.
531 3483 586 3552 Qui
608 3483 684 3553 quod
705 3484 905 3538 cothurnatum
927 3503 992 3539 eum
1014 3495 1105 3553 uocat,
1125 3484 1247 3555 respexit
1269 3484 1354 3538 credo
1376 3485 1461 3537 Alex·

308 3555 428 3608 andram
447 3570 519 3624 quae
538 3555 599 3608 sola
617 3553 694 3608 dicta
712 3565 755 3609 est
774 3554 789 3622 i
807 3556 936 3628 τραγῳδία
955 3556 1061 3625 (Schol.
1083 3558 1148 3624 Lyc.
1165 3554 1253 3624 1226),
1271 3555 1307 3610 cf.
1318 3553 1460 3608 Welckeri

309 3625 422 3680 Griech.
435 3627 518 3694 Trag.
532 3623 570 3678 iii.
589 3641 615 3694 p.
633 3637 708 3693 1259.
814 3629 883 3680 533.
900 3629 986 3680 laser
1003 3642 1159 3692 spargare.
1198 3625 1245 3680 Sic
1262 3626 1298 3680 de
1313 3625 1415 3679 eadem
1431 3642 1461 3678 re

239 3730 242 3737 ·
308 3698 349 3750 M.
373 3695 411 3749 iii.
435 3708 494 3764 522,
517 3710 532 3763 3
554 3695 641 3749 Mille
664 3697 741 3749 lacer
761 3699 893 3767 spargere
914 3699 989 3766 loa's,
1011 3703 1039 3751 et
1057 3699 1197 3767 sauguine
1216 3697 1307 3750 siluas
1325 3695 1462 3750 Foedabis

307 3773 481 3836 matremque
501 3771 582 3819 tuam
604 3768 759 3835 motusque
779 3784 892 3821 sorores.
1035 3770 1104 3821 534.
1131 3784 1233 3832 angue
1254 3773 1380 3821 oreatus
1400 3782 1460 3820 auo

309 3838 461 3906 Pentheus,
483 3836 555 3890 filius
577 3836 722 3904 Echionis,
741 3854 830 3906 nepos
851 3837 952 3893 Cadmi
971 3839 1101 3907 Apelleo.
1121 3837 1158 3892 iii.
1178 3853 1204 3904 4.
1225 3852 1246 3905 1,
1265 3837 1304 3890 iii.
1326 3849 1348 3906 5.
1368 3852 1393 3905 2,
1413 3835 1459 3906 qui

308 3924 326 3961 a
339 3918 428 3962 matre
441 3917 468 3961 et
482 3906 639 3961 materteris
653 3907 810 3976 discerptus
823 3917 875 3963 est.
916 3911 982 3962 Eur.
997 3908 1110 3977 Bacch,
1124 3910 1229 3962 Theoc.
1243 3908 1315 3962 xxvi.
1390 3911 1458 3961 535.

307 3981 392 4033 ieros
411 3977 512 4032 ‘rude'
556 3978 639 4046 Verg.
660 3979 693 4032 E.
716 3990 737 4046 5.
758 3993 789 4031 21
810 3985 969 4048 montesque
981 3981 1046 4049 feri
1064 3980 1209 4048 siluaeque
1226 3980 1366 4033 locuntur.
1413 3977 1460 4032 Sic

307 4066 387 4102 mare
401 4049 502 4118 ferum
526 4048 585 4101 Cat.
609 4047 674 4102 lxiii.
696 4063 739 4116 40,
755 4049 832 4118 feris
853 4050 985 4118 Scythiae
1005 4051 1221 4119 Sarmatiaeque
1241 4051 1318 4120 iuges
1338 4047 1421 4102 Trist.
1442 4047 1460 4102 i.

308 4121 334 4173 8.
353 4134 394 4185 40.
526 4121 594 4172 536.
620 4122 757 4172 coniunx
783 4119 877 4174 Dirce.
928 4123 1003 4190 Hyg.
1023 4134 1039 4187 7
1061 4122 1152 4191 Lycus
1174 4121 1281 4174 Dircen
1305 4121 1337 4174 iu
1361 4120 1460 4172 matri·

307 4192 434 4242 monium
450 4189 542 4257 duret,
555 4190 604 4242 cui
618 4191 739 4259 suspicio
756 4191 857 4244 incidit
873 4193 971 4244 uirum
989 4209 1073 4245 snum
1090 4193 1162 4246 clam
1176 4208 1240 4244 curu
1251 4191 1381 4260 Antiopa
1398 4205 1461 4242 con-

306 4259 447 4313 cubuisse:
464 4262 560 4329 itaque
572 4261 727 4328 imperauit
728 4261 854 4330 famulis
866 4268 900 4315 ut
909 4279 971 4315 earn
983 4264 1015 4316 in
1026 4263 1145 4316 tenebris
1154 4263 1279 4316 uinctam
1291 4261 1459 4315 clauderent.

307 4331 356 4384 cui
370 4333 522 4398 postquam
542 4334 648 4400 partus
672 4331 803 4400 instabat,
827 4333 928 4402 effingit
950 4350 987 4386 eu
1008 4334 1132 4388 uinculis
1156 4334 1235 4386 Iouis
1259 4332 1406 4385 uoluntate
1428 4332 1460 4383 iu

307 4405 428 4454 montem
443 4399 655 4454 Cithaeronem:
672 4418 789 4471 cumque
801 4406 908 4471 partus
918 4407 1060 4473 premeret
1074 4408 1102 4457 et
1117 4408 1262 4473 quaereret
1279 4403 1329 4456 ubi
1336 4405 1460 4472 pareret,

307 4470 390 4524 dolor
408 4485 469 4522 eam
491 4472 523 4523 in
543 4473 604 4540 ipso
625 4471 701 4524 biuro
721 4475 811 4542 coegit
825 4477 946 4542 parturn
967 4475 1053 4529 edere.
1093 4492 1163 4544 quos
1178 4478 1308 4544 pastores
1324 4477 1380 4542 pro
1400 4473 1461 4524 surb

308 4539 466 4594 educarunt
485 4546 513 4592 et
534 4542 719 4610 appellarunt
738 4543 847 4596 Zethon
869 4543 919 4598 ἀπὸ
940 4547 987 4604 τοῦ
1008 4546 1091 4613 ζητεῖν
1111 4548 1200 4611 τόπον,
1221 4545 1344 4604 alterum
1366 4548 1460 4596 autem
