3296 5210
317 448 374 506 loo
717 435 1067 501 COMMENTARIVS.

315 602 352 656 ab
366 615 435 688 apro
447 613 555 654 caesus.
587 599 756 662 sanguino.
781 592 854 649 Bion
868 591 944 663 Epit.
957 590 1076 662 Adonto
1085 593 1115 646 τδ
1125 591 1154 645 δὲ
1166 591 1191 644 ot
1203 591 1286 660 μελαν
1298 589 1395 654 εἴβεται
1407 587 1475 682 οἶμα

315 679 421 726 Χισνεας
440 671 503 723 κατά
521 670 626 738 σαρκός.
661 667 697 733 64
715 667 832 736 Δάκρυον
849 669 865 717 ά
883 673 926 718 Πα
951 665 977 718 ία
993 666 1094 717 τόσσον
1109 662 1172 733 χέει,
1185 659 1388 717 ὅσσονἈδιυνις
1401 671 1475 731 Αιμσ

315 743 380 814 χέει,
389 743 421 795 rii
431 741 459 794 δέ
468 741 550 795 πάντα
559 739 619 793 ποτὶ
628 736 702 807 χθονὶ
711 737 807 806 γίνεται
815 735 887 802 άνθη·
908 743 974 803 Αιμα
984 733 1062 804 ῥόδον
1069 733 1156 800 τίκτει,
1165 734 1198 786 τὰ
1207 733 1236 786 δέ
1249 733 1345 801 δάκρυα
1356 733 1403 786 τάν
1412 733 1474 786 ἀνε-

315 815 410 882 μείνον.
429 828 490 866 suo
499 813 640 876 genitore
647 806 828 862 oreatus‘he
836 807 932 861 whose
940 805 1148 876 grandsirewas
1158 805 1206 858 the
1214 805 1306 858 father
1314 804 1376 858 that
1383 804 1474 873 begot

315 883 392 939 him?
423 884 500 936 Nam
514 880 632 949 Cinyras
645 878 760 934 Adonin
772 895 807 932 ex
820 876 877 931 filia
889 895 941 931 sua
955 877 1073 945 Myrrha
1084 875 1251 944 procreauit.
1329 878 1399 929 566.
1418 878 1474 929 out

316 971 375 1009 stis
385 969 501 1018 parens
515 952 632 1020 Myrrha
642 948 702 1003 siue
711 951 832 1018 Smyrna
843 963 900 1012 per
908 951 1032 1002 tatinus
1043 949 1127 1000 taeta
1135 952 1184 1001 est
1195 961 1293 1010 soror,
1306 962 1371 999 cum
1384 947 1472 1000 ambo

318 1025 439 1093 Cinyrae
448 1022 528 1077 liberi
538 1031 641 1076 essent.
698 1023 767 1075 567.
784 1022 842 1073 tell
853 1034 960 1087 genus,
971 1019 1084 1072 aculeus
1098 1016 1224 1086 trygonis
1239 1017 1359 1086 ‘prickly
1371 1017 1473 1070 roach’

316 1112 373 1178 quo
386 1095 502 1163 Vlysses
515 1110 533 1148 a
545 1091 603 1146 filio
616 1107 667 1145 suo
684 1091 818 1162 Telegono
830 1091 993 1144 uulneratus
1008 1097 1059 1143 est.
1097 1089 1143 1142 De
1161 1088 1216 1142 hoc
1232 1087 1369 1142 Aelianus
1383 1089 1421 1142 H.
1435 1089 1469 1142 A.

316 1166 341 1220 it.
353 1166 387 1234 36
397 1163 464 1219 dicit
475 1163 580 1232 κέντρον
590 1163 744 1226 πικρότατον
756 1163 797 1212 καί
809 1160 924 1214 κίνδυνον
935 1160 1019 1229 φέρον
1030 1159 1148 1212 ἁπάντων
1160 1161 1262 1226 μᾶλλον
1273 1157 1288 1224 ἡ
1299 1159 1402 1228 τρυγὼν
1413 1157 1429 1225 ἡ
1442 1159 1471 1211 ἐκ

315 1239 360 1303 τῆς
370 1236 508 1303 θαλάσσης
516 1235 580 1320 ἔχει.
617 1234 644 1286 Ν
647 1230 741 1286 icand.
749 1232 832 1286 Ther.
842 1231 893 1285 828
905 1232 1016 1302 τρυγόνα
1028 1229 1188 1299 ὀλοεργδν,
1198 1230 1250 1296 834
1257 1228 1330 1296 ἀνδρὶ
1337 1229 1367 1281 δέ
1376 1229 1471 1294 σάρκες

317 1305 463 1375 Πυθόμενσι
479 1305 624 1374 μινυθουσι·
651 1305 731 1372 λόγος
750 1323 782 1372 γε
802 1303 849 1371 μὲν
872 1300 1041 1370 (Truditur)
1064 1301 1098 1355 ὣς
1118 1297 1175 1354 ποτ’
1194 1298 1339 1354 Ὀδυσσεὺς
1351 1295 1469 1368 Ἐφθιτα

316 1376 470 1450 λευγαλέοιο
490 1376 577 1430 τυπεὶς
597 1373 673 1426 ἁλίου
694 1373 743 1427 ὑπὸ
765 1373 879 1442 κέντρου.
927 1371 1085 1426 Historiam
1108 1380 1236 1424 narrarat
1259 1370 1415 1440 Sophocles
1440 1370 1469 1425 in

316 1445 443 1502 Ὀδυσσεῖ
472 1443 672 1515 Ἀκονθοπλῆγι,
699 1442 830 1512 tetigerat
857 1444 1016 1511 Aeschylus
1041 1442 1070 1496 in
1092 1443 1272 1512 Ψυχαγωγοίς,
1300 1440 1468 1496 Parthenius

318 1520 397 1574 Erot.
408 1517 437 1572 iii
448 1517 556 1587 (Merry
566 1516 604 1570 ad
612 1515 666 1570 Od
679 1513 716 1570 xi.
729 1513 798 1583 134).
842 1517 913 1568 568.
925 1517 1136 1578 lestrigones.
1156 1513 1299 1581 Penelope
1308 1511 1366 1566 filia
1377 1511 1468 1568 Icarii.

317 1592 407 1646 Tzetz.
420 1589 458 1644 ad
474 1590 540 1657 Lyc.
553 1600 606 1656 794
617 1584 779 1656 ’Υπεργὴρως
795 1583 967 1640 άὈδυσσεῦς
984 1583 1152 1650 ἐτελεύτησεν
1168 1582 1309 1653 ἀναιρεθεὶς
1326 1583 1375 1636 ὑπό
1388 1586 1469 1649 Τηλε-

316 1663 403 1732 γόνου,
415 1662 462 1714 τοῦ
473 1660 501 1712 ε’κ
514 1659 609 1729 Κίρκης
620 1657 688 1728 αὐτῷ
703 1654 869 1726 γεννηθέντος
884 1655 949 1722 υἱοῦ,
961 1657 1083 1721 πολεμῶν
1094 1651 1158 1724 ὑπέρ
1170 1659 1222 1707 τῶν
1233 1655 1325 1707 ἑαυτοῦ
1336 1653 1470 1722 ποιμνίων.

317 1731 449 1801 Μέμνηται
467 1729 495 1783 δέ
513 1728 606 1783 τούτου
624 1729 665 1781 καί
683 1728 698 1779 ά
715 1726 855 1782 Ὀππιανδς
873 1725 909 1782 είς
926 1727 958 1779 τά
975 1727 1034 1796 περὶ
1051 1726 1183 1796 τρυγόνος,
1199 1725 1284 1795 λέγων
1300 1724 1399 1778 οὑτωσί
1416 1745 1471 1780 πως

317 1805 392 1856 Κεῖνο
409 1798 467 1856 ποτ’
479 1799 582 1888 αίγανέῃ
601 1796 736 1868 δολιχηρεῖ
752 1799 892 1865 κωπηέσσῃ
910 1796 990 1867 Κίρκη
1004 1798 1140 1884 Τηλεγόνῳ
1157 1796 1362 1864 πολυφάρμακος
1379 1794 1470 1850 ὤπασε

317 1870 409 1942 μήτηρ,
430 1871 568 1940 Αίχμαζειν
590 1869 670 1936 δηίοις
692 1868 767 1922 άλιαν
790 1865 879 1937 μόρον.
906 1868 994 1938 Αότδρ
1015 1869 1030 1919 ὁ
1054 1887 1125 1934 νησω
1149 1867 1280 1937 Αίγιβότορ
1303 1868 1470 1934 προσέκελσε

318 1945 359 1996 καὶ
378 1943 408 1995 οδ
424 1941 497 2010 μάθε,
509 1943 580 1995 πῶεσ
594 1938 697 2008 πέρθων
709 1940 812 2010 Πατρός
827 1940 880 1994 ἐοῦ·
897 1939 999 2008 γερσρῲ
1012 1937 1040 1990 δέ
1052 1919 1240 2004 βοηδρομέοντι
1252 1938 1326 2002 τοκῆἳ
1337 1937 1413 2006 Αὐτῷ
1425 1937 1469 1990 τόν

317 2014 429 2082 μάστεοε
441 2011 518 2078 κακὴν
529 2009 672 2078 ἀνεμάξατο
685 2011 757 2077 κῆρα.
795 2011 870 2078 Hyg.
883 2022 930 2076 127
948 2010 1102 2080 Telegonus
1119 2009 1222 2078 Vlyssis
1239 2013 1267 2061 et
1281 2008 1374 2062 Circes
1384 2009 1470 2077 filius

318 2085 421 2136 missus
437 2099 455 2134 a
473 2087 564 2135 matre
575 2087 609 2135 ut
618 2082 774 2152 genitorem
786 2086 939 2150 quaereret,
952 2083 1112 2150 tempestate
1123 2081 1155 2132 in
1166 2079 1295 2132 Ithacam
1306 2084 1349 2132 est
1358 2079 1470 2133 delatus

317 2155 411 2223 ibique
419 2153 502 2223 fame
518 2159 629 2206 coaetus
646 2168 730 2222 agros
747 2152 917 2222 depopulari
932 2153 1027 2222 coepit.
1048 2155 1127 2204 ‘cum
1146 2166 1201 2219 ρνο
1224 2149 1330 2220 Vlysses
1347 2156 1376 2204 et
1394 2151 1422 2202 T
1418 2151 1469 2204 ele·

317 2224 433 2278 machus
444 2224 544 2294 igmei
554 2239 637 2276 arma
648 2223 833 2276 contulerunt.
876 2223 982 2292 Vlysses
994 2240 1013 2274 a
1028 2222 1164 2291 Telegono
1167 2221 1235 2290 filio
1246 2226 1288 2274 est
1298 2221 1468 2290 interfectus,

317 2295 395 2365 quod
410 2296 438 2348 ei
456 2298 619 2376 responsum
631 2294 743 2364 fuerat,
761 2299 795 2347 ut
812 2311 830 2346 a
839 2293 907 2362 filio
924 2298 1035 2346 caueret
1050 2298 1173 2345 mortem.
1264 2293 1333 2345 569.
1352 2295 1469 2356 loquax

320 2365 448 2420 Anticlus
462 2381 509 2434 qur
522 2381 596 2434 equo
608 2364 726 2418 durateo
741 2380 806 2417 cum
822 2363 884 2417 aliis
901 2361 1070 2433 primoribus
1084 2361 1234 2416 Graiorum
1246 2361 1372 2416 inclusus
1389 2379 1468 2416 acce-

319 2436 397 2491 denti
421 2437 550 2490 Helenae
572 2445 600 2490 et
621 2451 722 2488 uocem
744 2433 865 2488 imitanti
887 2451 1005 2488 uxorum
1026 2432 1161 2503 cuiusque
1183 2434 1260 2486 solus
1281 2449 1469 2502 responsurus

318 2518 387 2575 erat,
400 2506 454 2561 nisi
468 2508 584 2575 Vlysses
597 2522 630 2559 os
643 2505 773 2559 manibus
787 2503 958 2560 occlusisset.
997 2505 1052 2559 Od.
1065 2503 1101 2559 iv.
1115 2500 1318 2573 285-289'Evb'
1331 2503 1409 2558 ἄλλοι
1422 2505 1469 2573 μὲν

318 2580 411 2633 πάντες
429 2577 491 2644 όκὴν
509 2579 573 2630 ἕσαν
591 2573 643 2631 virs
660 2575 780 2646 Ἀχαιῶν,
791 2574 930 2632 Ἀντικλσς
953 2575 981 2628 δέ
999 2575 1033 2628 σέ
1049 2573 1073 2644 γ’
1093 2571 1146 2629 οἶος
1163 2573 1327 2644 ἀμείψασθαι
1345 2574 1468 2629 ἐπέεσσιν

312 2647 438 2703 'ribeiro
456 2645 515 2700 ἀλλ’
527 2646 652 2701 Ὀδυσεὺς
670 2647 713 2700 ἐπὶ
730 2648 850 2714 μάστακα
868 2646 946 2716 χερσί
963 2646 1048 2712 πίεζεν
1059 2646 1202 2714 Νωλεμέως
1218 2645 1365 2714 κρατερῇσι,
1378 2647 1469 2699 σάωσε

320 2719 348 2773 δὲ
360 2720 456 2774 πάντας
467 2716 594 2786 Ἀχαιούς,
608 2716 655 2787 qui
670 2735 767 2772 uersus
780 2718 817 2770 ab
829 2717 994 2771 Aristarcho
1012 2726 1159 2786 tamquam
1177 2715 1353 2785 suppositicii
1371 2715 1467 2770 reiecti
1512 2777 1515 2782 ,

321 2799 395 2844 sunt.
441 2790 530 2843 Paulo
555 2787 636 2843 aliter
657 2787 869 2858 Tryphiodorus
894 2787 923 2841 in
946 2785 1026 2841 Ἰλίου
1049 2785 1170 2855 Ἀλίισει,
1194 2787 1271 2854 apud
1293 2803 1377 2856 quem
1399 2787 1468 2840 dum

322 2862 435 2915 Helena
453 2858 530 2914 iuxta
549 2859 651 2914 aedem
671 2859 818 2913 Mineruae
838 2858 913 2913 circa
931 2875 1035 2928 equum
1053 2857 1188 2912 incedens
1207 2874 1306 2912 uxores
1325 2855 1468 2911 Achiuum

319 2931 456 3000 nominat,
478 2930 563 2984 ceteri
582 2927 682 2984 inclusi
701 2930 777 2999 flent,
796 2926 937 3002 Ἀντιιελος
954 2928 977 2982 δ’
993 2927 1037 2984 ὅτε
1055 2928 1159 3016 κέντρον
1176 2926 1282 2997 ἐδέξατο
1302 2927 1468 2997 Λαοδαμείης,

320 3005 422 3057 Μοῦνος
442 3001 579 3071 άμοιβαίην
599 2999 759 3064 ἀνεβάλλετο
778 3003 858 3072 γῆρυν
877 2999 986 3069 ἀνοίξας.
1021 2996 1096 3052 Ἀλλ’
1124 2998 1240 3053 Οδυσεὺς
1260 2997 1406 3052 κατέπαλτο
1427 3001 1468 3053 καί

319 3071 468 3142 ἀμφοτέρῃς
484 3072 636 3138 παλάμῃσιν
646 3069 820 3141 Ἀμφιπεσδν
835 3070 933 3137 ἐπίεζεν
949 3070 1112 3160 ἐπειγόμενον
1128 3071 1215 3137 στόμα
1232 3070 1322 3123 λῦσαι·
1340 3068 1468 3124 Μόστακα

318 3143 342 3196 δ’
360 3141 527 3211 άῤῥηκτοισιν
544 3141 735 3208 ἀλυκτοπέδῃσι
751 3143 890 3211 μεμαρπὼς
905 3138 984 3211 Εἶχεν
999 3138 1162 3209 επικρατέως·
1181 3142 1196 3193 ά
1212 3139 1235 3192 δ’
1247 3139 1377 3193 ἐπάλλετο
1389 3141 1467 3210 χερσί

319 3214 444 3282 πιεσθείς,
468 3210 572 3282 Φεόγιυν
598 3211 772 3282 ἀνδροφόνοιο
798 3214 913 3281 πελώρια
941 3212 1025 3281 δεσμά
1047 3213 1153 3279 σιωπῆς.
1199 3210 1249 3263 Καὶ
1266 3211 1311 3264 τδν
1328 3211 1375 3280 μέν
1392 3213 1468 3265 λίπεν

319 3281 409 3353 ἆσθμα
427 3280 581 3352 φερέσβιον·
599 3284 624 3336 σί
642 3283 671 3336 δέ
688 3304 731 3350 μιν
743 3283 820 3338 όλλοι
833 3284 950 3353 Δάκρυσι
966 3281 1139 3352 λαθριδίοισιν
1151 3280 1354 3336 έπικλαάσαντες
1364 3279 1466 3351 Ἀχαιοί

319 3355 417 3407 Κοίλον
433 3351 629 3423 ὑποκρόφαντες
640 3353 667 3408 ἐς
679 3353 766 3417 ίσχίον
784 3355 893 3408 ένθεσαν
909 3349 989 3408 ἵππου
1001 3353 1050 3406 Καὶ
1068 3354 1178 3422 χλαῖναν
1194 3351 1335 3419 μελέεσσιν
1351 3352 1394 3406 ἐπί
1411 3354 1467 3422 φο·

319 3427 409 3493 χραῖσι
428 3423 579 3488 botones*
618 3423 747 3479 Eudocia
766 3423 839 3479 Viol.
859 3424 911 3491 276
933 3425 1022 3478 Flach
1043 3423 1196 3479 nominatis
1220 3437 1250 3476 12
1273 3421 1320 3492 qui
1342 3423 1371 3477 in
1393 3439 1466 3493 equo

319 3493 419 3549 inclusi
432 3504 497 3548 sunt
511 3494 620 3549 dubitat
634 3496 670 3550 de
687 3495 801 3550 Anticlo
817 3495 849 3548 Εί
865 3495 894 3548 δέ
909 3493 980 3548 τοῦθ’
998 3493 1079 3550 οὕτως
1095 3494 1157 3564 ἔχει,
1175 3498 1226 3547 ποῦ
1245 3493 1318 3546 ἐστιν
1327 3489 1467 3550 ’Ἀντικλας

318 3561 349 3618 οὗ
369 3566 477 3634 φθάσας
497 3566 685 3634 ἐμνημόνευσεν
707 3569 721 3619 ὁ
742 3564 862 3633 ποιητῆςς
909 3569 1013 3620 elisus.
1047 3567 1114 3620 Her.
1130 3564 1165 3619 ix.
1179 3566 1212 3634 85
1231 3565 1313 3618 elisos
1321 3564 1465 3633 saucibus.

317 3653 438 3700 enemo,
474 3635 664 3691 Aen.ii.112
688 3654 751 3691 cum
775 3639 834 3691 ιἀιιι
858 3637 904 3691 bic
926 3637 1052 3690 trabibus
1074 3641 1217 3690 contextus
1240 3638 1349 3690 acernis
1369 3636 1468 3689 Staret

316 3725 387 3762 ecus.
425 3707 476 3760 ‘'In
489 3707 651 3778 describing
663 3709 711 3762 the
724 3709 829 3778 Trojan
842 3709 934 3776 horse,
947 3706 1037 3776 Virgil
1052 3707 1111 3761 first
1130 3706 1233 3776 speaks
1250 3707 1284 3760 oi
1296 3705 1318 3761 it
1337 3722 1369 3760 as
1388 3706 1466 3776 pine-

318 3779 408 3846 wood‚
420 3779 488 3832 then
507 3793 539 3832 as
558 3779 660 3847 maple‚
674 3778 732 3832 and
747 3780 831 3847 lastly
843 3796 875 3833 as
892 3778 966 3846 oak;
985 3787 1043 3846 not,
1058 3779 1070 3830 1
1085 3777 1175 3845 think,
1188 3777 1260 3830 from
1274 3776 1421 3834 confusion
1435 3794 1466 3831 or

317 3849 523 3918 iorgetsulness,
536 3849 586 3903 but
599 3865 631 3902 as
648 3866 685 3903 an
703 3849 841 3904 assertion
860 3849 893 3903 of
907 3850 955 3903 the
973 3850 1063 3917 poet's
1079 3847 1214 3918 privilege
1226 3857 1256 3901 to
1269 3857 1423 3916 represent,
1436 3847 1466 3902 in

317 3937 349 3974 as
365 3937 451 3989 many
463 3936 539 3988 ways
556 3936 588 3973 as
607 3920 643 3974 he
660 3920 785 3988 pleased‚
798 3922 846 3974 the
864 3920 979 3988 general
996 3918 1095 3973 notion
1114 3918 1146 3972 os
1160 3918 1258 3972 wood'
1296 3917 1466 3986 Conington,

319 3991 425 4044 Introd.
439 3999 468 4044 to
481 3989 592 4044 Aeneid
608 4006 636 4059 p.
649 4006 687 4044 10.
726 3989 834 4061 Optimi
847 3990 960 4044 codices
973 3990 1079 4044 habent
1091 4005 1215 4060 agemon·
1231 3987 1338 4058 fuitque
1351 3991 1467 4058 Agenor

316 4061 390 4115 inter
409 4061 550 4115 Troianos
572 4077 642 4130 quos
663 4071 747 4116 nocte
769 4078 868 4115 caesos
889 4061 958 4114 dixit
979 4061 1102 4114 Lesches
1125 4076 1182 4130 qua
1200 4059 1286 4113 Troia
1308 4069 1392 4129 capta
1413 4070 1464 4114 est.

318 4132 402 4186 Paus.
427 4150 453 4186 x.
478 4143 521 4200 25.
548 4143 571 4200 5,
596 4131 621 4199 6,
644 4144 685 4198 27.
709 4147 733 4200 2,
763 4131 867 4186 Kinkel
895 4131 976 4201 Epic.
1003 4131 1103 4186 Graec.
1131 4131 1243 4199 Fragm.
1272 4146 1319 4199 pp.
1344 4145 1387 4198 44,
1412 4143 1464 4199 45:

316 4212 347 4256 ut
377 4219 435 4255 non
468 4201 541 4257 desit
572 4218 658 4256 causa
687 4202 788 4258 erroris
818 4201 975 4257 inueterati.
1154 4203 1219 4257 orl.
1248 4204 1465 4256 Anaxarchus.
1499 4242 1505 4260 ι

318 4273 403 4341 Diog.
421 4274 451 4326 L.
465 4273 500 4327 ix.
515 4273 548 4341 58
565 4271 732 4342 Ἀνάξαρχος,
745 4271 904 4344 Ἀβδηρίτης.
936 4275 950 4325 ὁ
969 4270 992 4325 δ’
1008 4270 1053 4326 οὖν
1069 4269 1229 4342 Ἀνάξαρχος
1246 4273 1287 4325 καὶ
1302 4269 1465 4344 Ἀλεξάνδρῳ

250 4406 254 4416 ,
318 4344 406 4409 συνῆν,
419 4344 460 4396 καὶ
478 4344 572 4412 ἤκμαζε
589 4344 651 4396 κατὰ
668 4343 714 4412 τὴν
727 4343 834 4412 δεκάτην
846 4344 887 4397 καὶ
899 4343 1041 4411 ἑκατοστὴν
1051 4343 1223 4412 Ὀλυμπιάδα,
1237 4344 1278 4396 καὶ
1290 4337 1359 4412 εἶχεν
1370 4342 1466 4414 ἐχθρόν

315 4411 487 4481 Νικοκρέοντα
509 4414 554 4467 τὸν
573 4412 678 4484 Κάπρου
702 4413 833 4485 τύραννον.
867 4415 908 4470 καί
928 4435 992 4469 ποτε
1011 4413 1041 4468 ἐν
1062 4415 1201 4485 συμποσίῳ
1222 4417 1269 4468 τοῦ
1290 4413 1465 4483 Ἀλεξάνδρου

321 4551 346 4600 .*
363 4547 453 4595 Primus
464 4563 493 4596 ex
504 4549 606 4610 Odyssea
617 4559 641 4598 et
652 4551 820 4612 Tryphiodoro
831 4553 908 4600 locum
920 4551 951 4600 sic
964 4552 1126 4613 interpretatus
1138 4519 1172 4600 est
1185 4551 1309 4600 Politianus
1322 4550 1389 4598 Misc.
1404 4557 1444 4612 75.
