<?xml version="1.0" encoding="UTF-8"?>
<!DOCTYPE html PUBLIC "-//W3C//DTD XHTML 1.0 Transitional//EN"
    "http://www.w3.org/TR/xhtml1/DTD/xhtml1-transitional.dtd">
<html xmlns="http://www.w3.org/1999/xhtml" xml:lang="en" lang="en">
 <head>
  <title>
</title>
<meta http-equiv="Content-Type" content="text/html;charset=utf-8" />
  <meta name='ocr-system' content='tesseract 3.04.00' />
  <meta name='ocr-capabilities' content='ocr_page ocr_carea ocr_par ocr_line ocrx_word'/>
</head>
<body>
  <div class='ocr_page' id='page_1' title='image "./povidiinasonisi01elligoog_0203.png"; bbox 0 0 3312 5200; ppageno 0'>
   <div class='ocr_carea' id='block_1_1' title="bbox 319 455 1065 518">
    <p class='ocr_par' dir='ltr' id='par_1_1' title="bbox 319 455 1065 518">
     <span class='ocr_line' id='line_1_1' title="bbox 319 455 1065 518; baseline -0.005 0"><span class='ocrx_word' id='word_1_1' title='bbox 319 463 375 518; x_wconf 76' lang='lat'><em>1³4</em></span> <span class='ocrx_word' id='word_1_2' title='bbox 717 455 1065 516; x_wconf 87' lang='lat' dir='ltr'><strong>COMMENTARIVS.</strong></span> 
     </span>
    </p>
   </div>
   <div class='ocr_carea' id='block_1_2' title="bbox 309 610 1476 4638">
    <p class='ocr_par' dir='ltr' id='par_1_2' title="bbox 310 610 1476 3720">
     <span class='ocr_line' id='line_1_2' title="bbox 314 610 1472 682; baseline -0.003 -15"><span class='ocrx_word' id='word_1_3' title='bbox 314 614 346 681; x_wconf 68' lang='grc' dir='ltr'><em>ἐξ</em></span> <span class='ocrx_word' id='word_1_4' title='bbox 358 613 449 682; x_wconf 74' lang='grc' dir='ltr'>ἀνδρὸς</span> <span class='ocrx_word' id='word_1_5' title='bbox 461 614 502 666; x_wconf 78' lang='grc' dir='ltr'>καὶ</span> <span class='ocrx_word' id='word_1_6' title='bbox 513 611 608 682; x_wconf 89' lang='grc' dir='ltr'>ταάρον</span> <span class='ocrx_word' id='word_1_7' title='bbox 619 613 782 682; x_wconf 71' lang='grc' dir='ltr'><strong><em>μεμιγμένης.</em></strong></span> <span class='ocrx_word' id='word_1_8' title='bbox 868 615 940 666; x_wconf 84' lang='grc'><strong>409.</strong></span> <span class='ocrx_word' id='word_1_9' title='bbox 958 616 1065 667; x_wconf 71' lang='lat' dir='ltr'><em>trabes</em></span> <span class='ocrx_word' id='word_1_10' title='bbox 1076 627 1209 676; x_wconf 72' lang='lat' dir='ltr'><em>prossus.</em></span> <span class='ocrx_word' id='word_1_11' title='bbox 1248 610 1472 680; x_wconf 87' lang='lat' dir='ltr'><em>Pityocatnptes,</em></span> 
     </span>
     <span class='ocr_line' id='line_1_3' title="bbox 316 682 1471 756; baseline -0.002 -18"><span class='ocrx_word' id='word_1_12' title='bbox 316 701 401 756; x_wconf 88' lang='lat' dir='ltr'><em>quem</em></span> <span class='ocrx_word' id='word_1_13' title='bbox 415 683 571 738; x_wconf 82' lang='lat' dir='ltr'>Pausanias</span> <span class='ocrx_word' id='word_1_14' title='bbox 584 683 610 738; x_wconf 92' lang='lat' dir='ltr'><em>ii.</em></span> <span class='ocrx_word' id='word_1_15' title='bbox 628 699 648 737; x_wconf 90' lang='lat'><em>1.</em></span> <span class='ocrx_word' id='word_1_16' title='bbox 662 699 688 751; x_wconf 87' lang='lat'><em>4,</em></span> <span class='ocrx_word' id='word_1_17' title='bbox 707 683 850 737; x_wconf 88' lang='lat' dir='ltr'><em>Diodorus</em></span> <span class='ocrx_word' id='word_1_18' title='bbox 863 683 897 738; x_wconf 92' lang='lat' dir='ltr'><em>iv.</em></span> <span class='ocrx_word' id='word_1_19' title='bbox 914 696 957 751; x_wconf 84' lang='lat'><em>59.</em></span> <span class='ocrx_word' id='word_1_20' title='bbox 973 698 997 751; x_wconf 92' lang='lat'><em>3,</em></span> <span class='ocrx_word' id='word_1_21' title='bbox 1016 683 1182 736; x_wconf 91' lang='lat' dir='ltr'>Plutarchus</span> <span class='ocrx_word' id='word_1_22' title='bbox 1199 683 1284 736; x_wconf 91' lang='lat' dir='ltr'><em>Thes.</em></span> <span class='ocrx_word' id='word_1_23' title='bbox 1298 682 1355 750; x_wconf 91' lang='lat' dir='ltr'><em>viii,</em></span> <span class='ocrx_word' id='word_1_24' title='bbox 1374 683 1471 736; x_wconf 94' lang='lat' dir='ltr'><em>Schol.</em></span> 
     </span>
     <span class='ocr_line' id='line_1_4' title="bbox 318 752 1469 826; baseline -0.003 -17"><span class='ocrx_word' id='word_1_25' title='bbox 318 755 433 826; x_wconf 89' lang='lat' dir='ltr'><em>Hippol.</em></span> <span class='ocrx_word' id='word_1_26' title='bbox 455 767 515 824; x_wconf 89' lang='lat'>977,</span> <span class='ocrx_word' id='word_1_27' title='bbox 536 754 666 824; x_wconf 90' lang='lat' dir='ltr'><em>Apollod.</em></span> <span class='ocrx_word' id='word_1_28' title='bbox 688 753 725 808; x_wconf 90' lang='lat' dir='ltr'><em>iii.</em></span> <span class='ocrx_word' id='word_1_29' title='bbox 750 754 787 808; x_wconf 79' lang='grc' dir='ltr'><em>τό.</em></span> <span class='ocrx_word' id='word_1_30' title='bbox 812 769 833 821; x_wconf 95' lang='lat'><em>1,</em></span> <span class='ocrx_word' id='word_1_31' title='bbox 858 756 938 823; x_wconf 90' lang='lat' dir='ltr'><em>Prop.</em></span> <span class='ocrx_word' id='word_1_32' title='bbox 959 753 996 807; x_wconf 92' lang='lat' dir='ltr'><em>iii.</em></span> <span class='ocrx_word' id='word_1_33' title='bbox 1016 769 1058 808; x_wconf 83' lang='lat'><em>22.</em></span> <span class='ocrx_word' id='word_1_34' title='bbox 1077 767 1119 822; x_wconf 88' lang='lat'><em>37,</em></span> <span class='ocrx_word' id='word_1_35' title='bbox 1142 754 1203 823; x_wconf 88' lang='lat' dir='ltr'><em>ipse</em></span> <span class='ocrx_word' id='word_1_36' title='bbox 1226 753 1346 807; x_wconf 92' lang='lat' dir='ltr'><em>Ouidius</em></span> <span class='ocrx_word' id='word_1_37' title='bbox 1368 755 1409 806; x_wconf 91' lang='lat' dir='ltr'><em>M.</em></span> <span class='ocrx_word' id='word_1_38' title='bbox 1423 752 1469 806; x_wconf 91' lang='lat' dir='ltr'><em>vii.</em></span> 
     </span>
     <span class='ocr_line' id='line_1_5' title="bbox 316 823 1472 894; baseline -0.003 -14"><span class='ocrx_word' id='word_1_39' title='bbox 316 839 450 894; x_wconf 83' lang='lat'><em>440-442,</em></span> <span class='ocrx_word' id='word_1_40' title='bbox 463 824 585 880; x_wconf 85' lang='lat' dir='ltr'><em>eundern</em></span> <span class='ocrx_word' id='word_1_41' title='bbox 601 841 665 879; x_wconf 88' lang='lat' dir='ltr'><em>cum</em></span> <span class='ocrx_word' id='word_1_42' title='bbox 685 824 784 879; x_wconf 88' lang='lat' dir='ltr'><em>Sinide</em></span> <span class='ocrx_word' id='word_1_43' title='bbox 801 824 915 879; x_wconf 83' lang='lat' dir='ltr'><em>faciunt.</em></span> <span class='ocrx_word' id='word_1_44' title='bbox 954 826 1027 878; x_wconf 87' lang='lat' dir='ltr'><em>Cum</em></span> <span class='ocrx_word' id='word_1_45' title='bbox 1042 825 1178 893; x_wconf 88' lang='lat' dir='ltr'><strong>scriptore</strong></span> <span class='ocrx_word' id='word_1_46' title='bbox 1198 823 1287 877; x_wconf 89' lang='lat' dir='ltr'>Ibidis</span> <span class='ocrx_word' id='word_1_47' title='bbox 1307 823 1472 877; x_wconf 90' lang='lat' dir='ltr'><em>consentire</em></span> 
     </span>
     <span class='ocr_line' id='line_1_6' title="bbox 317 895 1471 965; baseline -0.003 -15"><span class='ocrx_word' id='word_1_48' title='bbox 317 897 449 951; x_wconf 88' lang='lat' dir='ltr'><em>uidentur</em></span> <span class='ocrx_word' id='word_1_49' title='bbox 463 895 594 965; x_wconf 85' lang='lat' dir='ltr'>Hyginus</span> <span class='ocrx_word' id='word_1_50' title='bbox 604 897 646 964; x_wconf 91' lang='lat'><em>38,</em></span> <span class='ocrx_word' id='word_1_51' title='bbox 660 896 861 964; x_wconf 77' lang='lat' dir='ltr'><em>Eustath.158,</em></span> <span class='ocrx_word' id='word_1_52' title='bbox 876 897 950 964; x_wconf 87' lang='lat' dir='ltr'><em>Hyg.</em></span> <span class='ocrx_word' id='word_1_53' title='bbox 962 896 995 962; x_wconf 86' lang='lat'><em>38</em></span> <span class='ocrx_word' id='word_1_54' title='bbox 1008 895 1220 965; x_wconf 88' lang='lat' dir='ltr'><em>Pityocampten</em></span> <span class='ocrx_word' id='word_1_55' title='bbox 1232 895 1367 964; x_wconf 87' lang='lat' dir='ltr'><em>Neptuni</em></span> <span class='ocrx_word' id='word_1_56' title='bbox 1368 896 1471 964; x_wconf 84' lang='lat' dir='ltr'><em>filium</em></span> 
     </span>
     <span class='ocr_line' id='line_1_7' title="bbox 315 965 1471 1038; baseline -0.003 -17"><span class='ocrx_word' id='word_1_57' title='bbox 315 969 369 1038; x_wconf 87' lang='lat' dir='ltr'><em>qui</em></span> <span class='ocrx_word' id='word_1_58' title='bbox 378 968 435 1021; x_wconf 90' lang='lat' dir='ltr'><em>iter</em></span> <span class='ocrx_word' id='word_1_59' title='bbox 439 966 604 1037; x_wconf 77' lang='lat' dir='ltr'><em>gradientes</em></span> <span class='ocrx_word' id='word_1_60' title='bbox 615 967 726 1037; x_wconf 78' lang='lat' dir='ltr'><em>cogebat</em></span> <span class='ocrx_word' id='word_1_61' title='bbox 742 972 776 1020; x_wconf 89' lang='lat' dir='ltr'><em>ut</em></span> <span class='ocrx_word' id='word_1_62' title='bbox 791 983 883 1020; x_wconf 91' lang='lat' dir='ltr'><em>secum</em></span> <span class='ocrx_word' id='word_1_63' title='bbox 903 966 1029 1020; x_wconf 83' lang='lat' dir='ltr'><em>arborem</em></span> <span class='ocrx_word' id='word_1_64' title='bbox 1037 971 1142 1036; x_wconf 88' lang='lat' dir='ltr'><em>pinum</em></span> <span class='ocrx_word' id='word_1_65' title='bbox 1155 967 1196 1020; x_wconf 91' lang='lat' dir='ltr'><em>ad</em></span> <span class='ocrx_word' id='word_1_66' title='bbox 1204 972 1310 1019; x_wconf 87' lang='lat' dir='ltr'><em>terram</em></span> <span class='ocrx_word' id='word_1_67' title='bbox 1313 965 1471 1035; x_wconf 86' lang='lat' dir='ltr'><em>flecterent,</em></span> 
     </span>
     <span class='ocr_line' id='line_1_8' title="bbox 315 1035 1476 1108; baseline -0.003 -17"><span class='ocrx_word' id='word_1_68' title='bbox 315 1055 402 1108; x_wconf 87' lang='lat' dir='ltr'><em>quam</em></span> <span class='ocrx_word' id='word_1_69' title='bbox 423 1039 476 1107; x_wconf 86' lang='lat' dir='ltr'><em>qui</em></span> <span class='ocrx_word' id='word_1_70' title='bbox 491 1054 554 1091; x_wconf 89' lang='lat' dir='ltr'><em>cum</em></span> <span class='ocrx_word' id='word_1_71' title='bbox 573 1054 604 1091; x_wconf 87' lang='lat' dir='ltr'><em>eo</em></span> <span class='ocrx_word' id='word_1_72' title='bbox 643 1037 781 1105; x_wconf 86' lang='lat' dir='ltr'><em>renderat,</em></span> <span class='ocrx_word' id='word_1_73' title='bbox 802 1038 852 1090; x_wconf 87' lang='lat' dir='ltr'><em>ille</em></span> <span class='ocrx_word' id='word_1_74' title='bbox 869 1053 931 1090; x_wconf 89' lang='lat' dir='ltr'><em>eam</em></span> <span class='ocrx_word' id='word_1_75' title='bbox 953 1037 1064 1090; x_wconf 79' lang='lat' dir='ltr'><em>nimbus</em></span> <span class='ocrx_word' id='word_1_76' title='bbox 1081 1039 1196 1090; x_wconf 88' lang='lat' dir='ltr'><em>missam</em></span> <span class='ocrx_word' id='word_1_77' title='bbox 1207 1036 1354 1105; x_wconf 78' lang='lat' dir='ltr'><em>faciebat:</em></span> <span class='ocrx_word' id='word_1_78' title='bbox 1371 1038 1415 1088; x_wconf 90' lang='lat' dir='ltr'><em>ita</em></span> <span class='ocrx_word' id='word_1_79' title='bbox 1432 1035 1476 1088; x_wconf 86' lang='lat' dir='ltr'><em>ad</em></span> 
     </span>
     <span class='ocr_line' id='line_1_9' title="bbox 315 1107 1471 1178; baseline -0.003 -15"><span class='ocrx_word' id='word_1_80' title='bbox 315 1115 423 1163; x_wconf 79' lang='lat' dir='ltr'><em>terram</em></span> <span class='ocrx_word' id='word_1_81' title='bbox 439 1109 576 1178; x_wconf 84' lang='lat' dir='ltr'><em>grauiter</em></span> <span class='ocrx_word' id='word_1_82' title='bbox 592 1107 748 1162; x_wconf 73' lang='lat' dir='ltr'><em>ridebatur</em></span> <span class='ocrx_word' id='word_1_83' title='bbox 764 1113 792 1160; x_wconf 93' lang='lat' dir='ltr'><em>et</em></span> <span class='ocrx_word' id='word_1_84' title='bbox 806 1107 926 1177; x_wconf 79' lang='lat' dir='ltr'><em>peribat.</em></span> <span class='ocrx_word' id='word_1_85' title='bbox 1010 1111 1077 1161; x_wconf 89' lang='lat'><em>410.</em></span> <span class='ocrx_word' id='word_1_86' title='bbox 1097 1110 1194 1161; x_wconf 83' lang='lat' dir='ltr'><em>huius</em></span> <span class='ocrx_word' id='word_1_87' title='bbox 1209 1113 1241 1161; x_wconf 88' lang='lat' dir='ltr'><em>et</em></span> <span class='ocrx_word' id='word_1_88' title='bbox 1256 1110 1354 1160; x_wconf 86' lang='lat' dir='ltr'><em>huius</em></span> <span class='ocrx_word' id='word_1_89' title='bbox 1370 1123 1471 1170; x_wconf 83' lang='lat' dir='ltr'><em>aquae</em></span> 
     </span>
     <span class='ocr_line' id='line_1_10' title="bbox 316 1175 1471 1248; baseline -0.003 -15"><span class='ocrx_word' id='word_1_90' title='bbox 316 1179 395 1234; x_wconf 87' lang='lat' dir='ltr'><em>sinus</em></span> <span class='ocrx_word' id='word_1_91' title='bbox 415 1175 588 1232; x_wconf 82' lang='lat' dir='ltr'><strong>Corinthiaci</strong></span> <span class='ocrx_word' id='word_1_92' title='bbox 606 1188 634 1232; x_wconf 89' lang='lat' dir='ltr'><em>et</em></span> <span class='ocrx_word' id='word_1_93' title='bbox 654 1177 789 1233; x_wconf 85' lang='lat' dir='ltr'><em>Saronici.</em></span> <span class='ocrx_word' id='word_1_94' title='bbox 829 1178 893 1232; x_wconf 93' lang='lat' dir='ltr'><em>Sen.</em></span> <span class='ocrx_word' id='word_1_95' title='bbox 908 1179 980 1246; x_wconf 87' lang='lat' dir='ltr'><strong>Thy.</strong></span> <span class='ocrx_word' id='word_1_96' title='bbox 997 1192 1042 1230; x_wconf 91' lang='lat'><em>111</em></span> <span class='ocrx_word' id='word_1_97' title='bbox 1061 1179 1120 1247; x_wconf 84' lang='lat' dir='ltr'><em>Qui</em></span> <span class='ocrx_word' id='word_1_98' title='bbox 1126 1178 1266 1248; x_wconf 80' lang='lat' dir='ltr'><em>fluctibus</em></span> <span class='ocrx_word' id='word_1_99' title='bbox 1285 1176 1386 1231; x_wconf 92' lang='lat' dir='ltr'><em>lllinc</em></span> <span class='ocrx_word' id='word_1_100' title='bbox 1400 1181 1471 1247; x_wconf 88' lang='lat' dir='ltr'><em>pro·</em></span> 
     </span>
     <span class='ocr_line' id='line_1_11' title="bbox 310 1247 1472 1320; baseline -0.003 -17"><span class='ocrx_word' id='word_1_101' title='bbox 310 1251 432 1320; x_wconf 78' lang='lat' dir='ltr'><em>pinquis</em></span> <span class='ocrx_word' id='word_1_102' title='bbox 450 1248 571 1303; x_wconf 80' lang='lat' dir='ltr'><em>Isthmos</em></span> <span class='ocrx_word' id='word_1_103' title='bbox 589 1253 674 1318; x_wconf 86' lang='lat' dir='ltr'><em>atque</em></span> <span class='ocrx_word' id='word_1_104' title='bbox 694 1248 788 1303; x_wconf 90' lang='lat' dir='ltr'><em>illinc</em></span> <span class='ocrx_word' id='word_1_105' title='bbox 800 1247 913 1318; x_wconf 80' lang='lat' dir='ltr'><em>fremit.</em></span> <span class='ocrx_word' id='word_1_106' title='bbox 952 1249 1026 1302; x_wconf 89' lang='lat' dir='ltr'><em>Flor.</em></span> <span class='ocrx_word' id='word_1_107' title='bbox 1039 1248 1065 1302; x_wconf 91' lang='lat' dir='ltr'><em>ii.</em></span> <span class='ocrx_word' id='word_1_108' title='bbox 1083 1249 1121 1302; x_wconf 82' lang='lat'><em>16.</em></span> <span class='ocrx_word' id='word_1_109' title='bbox 1140 1264 1149 1301; x_wconf 93' lang='lat'><strong>1</strong></span> <span class='ocrx_word' id='word_1_110' title='bbox 1171 1247 1325 1318; x_wconf 77' lang='lat' dir='ltr'><em>Cort&#39;ntbus</em></span> <span class='ocrx_word' id='word_1_111' title='bbox 1341 1247 1472 1301; x_wconf 79' lang='lat' dir='ltr'><em>Achaiae</em></span> 
     </span>
     <span class='ocr_line' id='line_1_12' title="bbox 314 1319 1471 1390; baseline -0.002 -16"><span class='ocrx_word' id='word_1_112' title='bbox 314 1324 408 1390; x_wconf 82' lang='lat' dir='ltr'><em>caput,</em></span> <span class='ocrx_word' id='word_1_113' title='bbox 423 1320 557 1374; x_wconf 81' lang='lat' dir='ltr'><em>Graeciae</em></span> <span class='ocrx_word' id='word_1_114' title='bbox 570 1320 660 1388; x_wconf 77' lang='lat' dir='ltr'><em>dcem,</em></span> <span class='ocrx_word' id='word_1_115' title='bbox 678 1320 825 1373; x_wconf 86' lang='lat' dir='ltr'><em>interduo</em></span> <span class='ocrx_word' id='word_1_116' title='bbox 841 1320 943 1386; x_wconf 80' lang='lat' dir='ltr'><em>marta,</em></span> <span class='ocrx_word' id='word_1_117' title='bbox 955 1320 1070 1372; x_wconf 90' lang='lat' dir='ltr'><em>Ionium</em></span> <span class='ocrx_word' id='word_1_118' title='bbox 1086 1326 1113 1372; x_wconf 88' lang='lat' dir='ltr'><em>et</em></span> <span class='ocrx_word' id='word_1_119' title='bbox 1124 1319 1279 1390; x_wconf 75' lang='lat' dir='ltr'><em>Aegaeum,</em></span> <span class='ocrx_word' id='word_1_120' title='bbox 1296 1321 1382 1387; x_wconf 84' lang='lat' dir='ltr'><em>quasi</em></span> <span class='ocrx_word' id='word_1_121' title='bbox 1396 1323 1471 1388; x_wconf 83' lang='lat' dir='ltr'><em>spec-</em></span> 
     </span>
     <span class='ocr_line' id='line_1_13' title="bbox 315 1389 1468 1460; baseline -0.001 -16"><span class='ocrx_word' id='word_1_122' title='bbox 315 1391 410 1445; x_wconf 90' lang='lat' dir='ltr'><em>taculo</em></span> <span class='ocrx_word' id='word_1_123' title='bbox 427 1391 560 1460; x_wconf 76' lang='lat' dir='ltr'><em>exposita.</em></span> <span class='ocrx_word' id='word_1_124' title='bbox 599 1391 667 1444; x_wconf 88' lang='lat' dir='ltr'><em>Her.</em></span> <span class='ocrx_word' id='word_1_125' title='bbox 681 1389 716 1444; x_wconf 91' lang='lat' dir='ltr'><em>iv.</em></span> <span class='ocrx_word' id='word_1_126' title='bbox 734 1402 791 1458; x_wconf 83' lang='lat'><em>105,</em></span> <span class='ocrx_word' id='word_1_127' title='bbox 804 1389 829 1457; x_wconf 91' lang='lat'><em>6,</em></span> <span class='ocrx_word' id='word_1_128' title='bbox 850 1391 919 1444; x_wconf 88' lang='lat' dir='ltr'><em>Met.</em></span> <span class='ocrx_word' id='word_1_129' title='bbox 933 1389 978 1443; x_wconf 92' lang='lat' dir='ltr'><em>vii.</em></span> <span class='ocrx_word' id='word_1_130' title='bbox 993 1402 1043 1458; x_wconf 83' lang='grc'><em>405</em></span> <span class='ocrx_word' id='word_1_131' title='bbox 1064 1390 1197 1442; x_wconf 86' lang='lat' dir='ltr'><em>bimarem</em></span> <span class='ocrx_word' id='word_1_132' title='bbox 1216 1389 1351 1443; x_wconf 76' lang='lat' dir='ltr'><em>Isthmon.</em></span> <span class='ocrx_word' id='word_1_133' title='bbox 1385 1390 1468 1459; x_wconf 91' lang='lat' dir='ltr'><em>Prop.</em></span> 
     </span>
     <span class='ocr_line' id='line_1_14' title="bbox 316 1460 1470 1530; baseline -0.002 -16"><span class='ocrx_word' id='word_1_134' title='bbox 316 1461 353 1516; x_wconf 90' lang='lat' dir='ltr'><em>iii.</em></span> <span class='ocrx_word' id='word_1_135' title='bbox 369 1460 428 1530; x_wconf 85' lang='lat' dir='ltr'><em>(iv.)</em></span> <span class='ocrx_word' id='word_1_136' title='bbox 441 1476 483 1515; x_wconf 89' lang='lat'><em>21.</em></span> <span class='ocrx_word' id='word_1_137' title='bbox 498 1475 530 1514; x_wconf 89' lang='lat'><em>22</em></span> <span class='ocrx_word' id='word_1_138' title='bbox 544 1460 665 1514; x_wconf 80' lang='lat' dir='ltr'><em>Isthmos</em></span> <span class='ocrx_word' id='word_1_139' title='bbox 675 1478 733 1529; x_wconf 82' lang='lat' dir='ltr'><em>qua</em></span> <span class='ocrx_word' id='word_1_140' title='bbox 745 1463 830 1514; x_wconf 86' lang='lat' dir='ltr'><em>terris</em></span> <span class='ocrx_word' id='word_1_141' title='bbox 847 1466 923 1514; x_wconf 88' lang='lat' dir='ltr'><em>arcet</em></span> <span class='ocrx_word' id='word_1_142' title='bbox 940 1467 1092 1529; x_wconf 78' lang='lat' dir='ltr'><em>utmmque</em></span> <span class='ocrx_word' id='word_1_143' title='bbox 1104 1478 1190 1527; x_wconf 89' lang='lat' dir='ltr'><em>mare,</em></span> <span class='ocrx_word' id='word_1_144' title='bbox 1203 1461 1240 1514; x_wconf 86' lang='lat' dir='ltr'><em>ad</em></span> <span class='ocrx_word' id='word_1_145' title='bbox 1254 1476 1338 1529; x_wconf 92' lang='lat' dir='ltr'><em>quem</em></span> <span class='ocrx_word' id='word_1_146' title='bbox 1355 1477 1470 1513; x_wconf 90' lang='lat' dir='ltr'><em>uersum</em></span> 
     </span>
     <span class='ocr_line' id='line_1_15' title="bbox 315 1530 1471 1600; baseline -0.001 -15"><span class='ocrx_word' id='word_1_147' title='bbox 315 1531 413 1586; x_wconf 92' lang='lat' dir='ltr'><em>omnia</em></span> <span class='ocrx_word' id='word_1_148' title='bbox 424 1531 567 1600; x_wconf 86' lang='lat' dir='ltr'><em>congessit</em></span> <span class='ocrx_word' id='word_1_149' title='bbox 582 1530 765 1585; x_wconf 89' lang='lat' dir='ltr'><em>Passeratius.</em></span> <span class='ocrx_word' id='word_1_150' title='bbox 819 1535 883 1584; x_wconf 89' lang='lat'>411.</span> <span class='ocrx_word' id='word_1_151' title='bbox 901 1534 995 1585; x_wconf 80' lang='lat' dir='ltr'><em>ceres</em></span> <span class='ocrx_word' id='word_1_152' title='bbox 1008 1534 1091 1585; x_wconf 83' lang='lat' dir='ltr'><em>uidit</em></span> <span class='ocrx_word' id='word_1_153' title='bbox 1101 1535 1185 1585; x_wconf 83' lang='lat' dir='ltr'><em>laeto</em></span> <span class='ocrx_word' id='word_1_154' title='bbox 1197 1535 1363 1595; x_wconf 80' lang='lat' dir='ltr'><em>pereuntia</em></span> <span class='ocrx_word' id='word_1_155' title='bbox 1374 1534 1471 1584; x_wconf 85' lang='lat' dir='ltr'><em>uultu</em></span> 
     </span>
     <span class='ocr_line' id='line_1_16' title="bbox 316 1601 1472 1670; baseline -0.003 -13"><span class='ocrx_word' id='word_1_156' title='bbox 316 1605 457 1668; x_wconf 78' lang='lat' dir='ltr'><em>Corpora</em></span> <span class='ocrx_word' id='word_1_157' title='bbox 467 1601 619 1670; x_wconf 86' lang='lat' dir='ltr'>Cercyonis</span> <span class='ocrx_word' id='word_1_158' title='bbox 629 1601 676 1670; x_wconf 93' lang='lat' dir='ltr'><em>qui</em></span> <span class='ocrx_word' id='word_1_159' title='bbox 689 1601 825 1656; x_wconf 89' lang='lat' dir='ltr'><em>Eleusina</em></span> <span class='ocrx_word' id='word_1_160' title='bbox 834 1602 972 1655; x_wconf 87' lang='lat' dir='ltr'><em>adeuntes</em></span> <span class='ocrx_word' id='word_1_161' title='bbox 983 1601 1142 1656; x_wconf 79' lang='lat' dir='ltr'><em>infestabat.</em></span> <span class='ocrx_word' id='word_1_162' title='bbox 1167 1604 1206 1655; x_wconf 92' lang='lat' dir='ltr'><em>M.</em></span> <span class='ocrx_word' id='word_1_163' title='bbox 1213 1601 1258 1655; x_wconf 90' lang='lat' dir='ltr'><em>vii.</em></span> <span class='ocrx_word' id='word_1_164' title='bbox 1265 1602 1472 1670; x_wconf 87' lang='lat' dir='ltr'><em>439Cercyom&#39;s</em></span> 
     </span>
     <span class='ocr_line' id='line_1_17' title="bbox 314 1672 1468 1742; baseline -0.002 -15"><span class='ocrx_word' id='word_1_165' title='bbox 314 1675 402 1727; x_wconf 91' lang='lat' dir='ltr'><em>letum</em></span> <span class='ocrx_word' id='word_1_166' title='bbox 416 1674 491 1727; x_wconf 78' lang='lat' dir='ltr'><em>uidit</em></span> <span class='ocrx_word' id='word_1_167' title='bbox 504 1673 625 1727; x_wconf 85' lang='lat' dir='ltr'><em>Cerealis</em></span> <span class='ocrx_word' id='word_1_168' title='bbox 636 1674 765 1727; x_wconf 84' lang='lat' dir='ltr'><em>Eleusin.</em></span> <span class='ocrx_word' id='word_1_169' title='bbox 836 1675 905 1726; x_wconf 77' lang='lat'><em>412.</em></span> <span class='ocrx_word' id='word_1_170' title='bbox 924 1675 1065 1737; x_wconf 80' lang='lat' dir='ltr'><em>Corpora</em></span> <span class='ocrx_word' id='word_1_171' title='bbox 1077 1689 1186 1742; x_wconf 75' lang='lat' dir='ltr'><em>corpuS,</em></span> <span class='ocrx_word' id='word_1_172' title='bbox 1199 1682 1230 1727; x_wconf 93' lang='lat' dir='ltr'><em>ut</em></span> <span class='ocrx_word' id='word_1_173' title='bbox 1243 1672 1313 1725; x_wconf 91' lang='lat' dir='ltr'><em>alias</em></span> <span class='ocrx_word' id='word_1_174' title='bbox 1326 1688 1384 1724; x_wconf 93' lang='lat' dir='ltr'><em>non</em></span> <span class='ocrx_word' id='word_1_175' title='bbox 1397 1688 1468 1725; x_wconf 92' lang='lat' dir='ltr'><em>raro.</em></span> 
     </span>
     <span class='ocr_line' id='line_1_18' title="bbox 316 1742 1471 1813; baseline -0.001 -16"><span class='ocrx_word' id='word_1_176' title='bbox 316 1746 461 1812; x_wconf 71' lang='lat' dir='ltr'><em>Drigerus</em></span> <span class='ocrx_word' id='word_1_177' title='bbox 470 1743 592 1812; x_wconf 83' lang='lat' dir='ltr'><em>(Latein.</em></span> <span class='ocrx_word' id='word_1_178' title='bbox 606 1744 683 1812; x_wconf 92' lang='lat' dir='ltr'><em>Synt.</em></span> <span class='ocrx_word' id='word_1_179' title='bbox 691 1742 707 1797; x_wconf 92' lang='lat' dir='ltr'><em>i.</em></span> <span class='ocrx_word' id='word_1_180' title='bbox 713 1760 739 1812; x_wconf 90' lang='lat' dir='ltr'><em>p.</em></span> <span class='ocrx_word' id='word_1_181' title='bbox 745 1743 772 1812; x_wconf 82' lang='lat'><em>6)</em></span> <span class='ocrx_word' id='word_1_182' title='bbox 781 1753 927 1813; x_wconf 92' lang='lat' dir='ltr'><em>comparat</em></span> <span class='ocrx_word' id='word_1_183' title='bbox 938 1745 1045 1808; x_wconf 76' lang='grc' dir='ltr'>σώματα</span> <span class='ocrx_word' id='word_1_184' title='bbox 1053 1744 1188 1812; x_wconf 84' lang='lat' dir='ltr'><em>SophEl</em></span> <span class='ocrx_word' id='word_1_185' title='bbox 1198 1757 1273 1810; x_wconf 87' lang='lat'><em>1232.</em></span> <span class='ocrx_word' id='word_1_186' title='bbox 1291 1745 1471 1808; x_wconf 75' lang='lat' dir='ltr'><em>Cercyonea</em></span> 
     </span>
     <span class='ocr_line' id='line_1_19' title="bbox 317 1812 1468 1884; baseline -0.002 -16"><span class='ocrx_word' id='word_1_187' title='bbox 317 1813 471 1882; x_wconf 89' lang='lat' dir='ltr'><em>Cercyonis</em></span> <span class='ocrx_word' id='word_1_188' title='bbox 493 1824 523 1868; x_wconf 95' lang='lat' dir='ltr'><em>ut</em></span> <span class='ocrx_word' id='word_1_189' title='bbox 541 1813 710 1884; x_wconf 74' lang='lat' dir='ltr'><em>Apollineas</em></span> <span class='ocrx_word' id='word_1_190' title='bbox 731 1814 869 1868; x_wconf 86' lang='lat' dir='ltr'><em>medullas</em></span> <span class='ocrx_word' id='word_1_191' title='bbox 886 1812 1025 1884; x_wconf 88' lang='lat' dir='ltr'><em>Apollinis</em></span> <span class='ocrx_word' id='word_1_192' title='bbox 1047 1816 1085 1868; x_wconf 91' lang='lat' dir='ltr'><em>M.</em></span> <span class='ocrx_word' id='word_1_193' title='bbox 1105 1813 1121 1868; x_wconf 95' lang='lat' dir='ltr'><em>i.</em></span> <span class='ocrx_word' id='word_1_194' title='bbox 1140 1827 1199 1881; x_wconf 87' lang='lat'><em>473.</em></span> <span class='ocrx_word' id='word_1_195' title='bbox 1239 1813 1324 1867; x_wconf 91' lang='lat' dir='ltr'><em>Diod.</em></span> <span class='ocrx_word' id='word_1_196' title='bbox 1342 1813 1377 1868; x_wconf 89' lang='lat' dir='ltr'><em>iv.</em></span> <span class='ocrx_word' id='word_1_197' title='bbox 1395 1826 1435 1881; x_wconf 86' lang='lat'><em>59.</em></span> <span class='ocrx_word' id='word_1_198' title='bbox 1455 1825 1468 1881; x_wconf 83' lang='lat'>5</span> 
     </span>
     <span class='ocr_line' id='line_1_20' title="bbox 316 1884 1470 1954; baseline 0 -18"><span class='ocrx_word' id='word_1_199' title='bbox 316 1884 415 1936; x_wconf 83' lang='grc' dir='ltr'>Ἀνεῐλε</span> <span class='ocrx_word' id='word_1_200' title='bbox 435 1885 523 1937; x_wconf 77' lang='grc' dir='ltr'>δὲκαὶ</span> <span class='ocrx_word' id='word_1_201' title='bbox 543 1885 603 1954; x_wconf 78' lang='grc' dir='ltr'>περὶ</span> <span class='ocrx_word' id='word_1_202' title='bbox 621 1885 667 1952; x_wconf 83' lang='grc' dir='ltr'><em>τὴν</em></span> <span class='ocrx_word' id='word_1_203' title='bbox 688 1885 828 1938; x_wconf 85' lang='grc' dir='ltr'>Ἐλευσῖνα</span> <span class='ocrx_word' id='word_1_204' title='bbox 847 1884 976 1953; x_wconf 79' lang='grc' dir='ltr'>Κερκύονα</span> <span class='ocrx_word' id='word_1_205' title='bbox 999 1885 1045 1938; x_wconf 85' lang='grc' dir='ltr'><em>τὸν</em></span> <span class='ocrx_word' id='word_1_206' title='bbox 1069 1884 1253 1938; x_wconf 77' lang='grc' dir='ltr'>διαπαλαίοντα</span> <span class='ocrx_word' id='word_1_207' title='bbox 1270 1886 1325 1938; x_wconf 74' lang='grc' dir='ltr'>τοῖς</span> <span class='ocrx_word' id='word_1_208' title='bbox 1345 1887 1470 1953; x_wconf 84' lang='grc' dir='ltr'>παριοῦσι</span> 
     </span>
     <span class='ocr_line' id='line_1_21' title="bbox 315 1953 1470 2026; baseline 0 -20"><span class='ocrx_word' id='word_1_209' title='bbox 315 1956 357 2007; x_wconf 81' lang='grc' dir='ltr'>καὶ</span> <span class='ocrx_word' id='word_1_210' title='bbox 374 1957 419 2008; x_wconf 79' lang='grc' dir='ltr'><em>τὸν</em></span> <span class='ocrx_word' id='word_1_211' title='bbox 436 1953 575 2022; x_wconf 76' lang='grc' dir='ltr'>ἡττηθέντα</span> <span class='ocrx_word' id='word_1_212' title='bbox 593 1953 784 2026; x_wconf 80' lang='grc' dir='ltr'>διαφθείροντα.</span> <span class='ocrx_word' id='word_1_213' title='bbox 821 1956 917 2009; x_wconf 91' lang='lat' dir='ltr'><em>Schol.</em></span> <span class='ocrx_word' id='word_1_214' title='bbox 935 1957 1004 2009; x_wconf 89' lang='lat' dir='ltr'><em>Plat.</em></span> <span class='ocrx_word' id='word_1_215' title='bbox 1024 1956 1091 2024; x_wconf 85' lang='lat' dir='ltr'><em>Leg.</em></span> <span class='ocrx_word' id='word_1_216' title='bbox 1109 1955 1161 2023; x_wconf 88' lang='lat'><em>796</em></span> <span class='ocrx_word' id='word_1_217' title='bbox 1179 1954 1230 2021; x_wconf 77' lang='grc' dir='ltr'><em>Τὴν</em></span> <span class='ocrx_word' id='word_1_218' title='bbox 1245 1955 1292 2021; x_wconf 82' lang='grc' dir='ltr'><em>μὲν</em></span> <span class='ocrx_word' id='word_1_219' title='bbox 1306 1955 1357 2008; x_wconf 83' lang='grc' dir='ltr'><em>ἀπὸ</em></span> <span class='ocrx_word' id='word_1_220' title='bbox 1374 1959 1470 2025; x_wconf 83' lang='grc' dir='ltr'>χειρῶν</span> 
     </span>
     <span class='ocr_line' id='line_1_22' title="bbox 314 2023 1470 2095; baseline 0 -16"><span class='ocrx_word' id='word_1_221' title='bbox 314 2027 400 2092; x_wconf 82' lang='grc' dir='ltr'>πάλην</span> <span class='ocrx_word' id='word_1_222' title='bbox 423 2025 511 2094; x_wconf 77' lang='grc' dir='ltr'>ἐξεῦρε</span> <span class='ocrx_word' id='word_1_223' title='bbox 533 2024 642 2094; x_wconf 76' lang='grc' dir='ltr'>Θησεύς,</span> <span class='ocrx_word' id='word_1_224' title='bbox 663 2026 708 2092; x_wconf 73' lang='grc' dir='ltr'><em>τὴν</em></span> <span class='ocrx_word' id='word_1_225' title='bbox 730 2025 758 2078; x_wconf 79' lang='grc' dir='ltr'><em>δέ</em></span> <span class='ocrx_word' id='word_1_226' title='bbox 779 2025 830 2079; x_wconf 87' lang='grc' dir='ltr'><em>άπὸ</em></span> <span class='ocrx_word' id='word_1_227' title='bbox 853 2028 955 2079; x_wconf 82' lang='grc' dir='ltr'>σκελῶν</span> <span class='ocrx_word' id='word_1_228' title='bbox 979 2025 1098 2091; x_wconf 82' lang='grc' dir='ltr'>Κερκύων</span> <span class='ocrx_word' id='word_1_229' title='bbox 1122 2027 1241 2095; x_wconf 85' lang='grc' dir='ltr'>Βράγχου</span> <span class='ocrx_word' id='word_1_230' title='bbox 1265 2026 1306 2078; x_wconf 81' lang='grc' dir='ltr'>καὶ</span> <span class='ocrx_word' id='word_1_231' title='bbox 1329 2023 1470 2095; x_wconf 74' lang='grc' dir='ltr'>Ἀργιόπης</span> 
     </span>
     <span class='ocr_line' id='line_1_23' title="bbox 315 2093 1470 2165; baseline -0.003 -16"><span class='ocrx_word' id='word_1_232' title='bbox 315 2094 425 2165; x_wconf 70' lang='grc' dir='ltr'>νύμφης.</span> <span class='ocrx_word' id='word_1_233' title='bbox 460 2097 525 2165; x_wconf 73' lang='grc' dir='ltr'>πρὸς</span> <span class='ocrx_word' id='word_1_234' title='bbox 548 2099 639 2150; x_wconf 86' lang='grc' dir='ltr'>τοῦτον</span> <span class='ocrx_word' id='word_1_235' title='bbox 659 2097 689 2149; x_wconf 85' lang='grc' dir='ltr'><em>τὸ</em></span> <span class='ocrx_word' id='word_1_236' title='bbox 712 2096 831 2164; x_wconf 87' lang='grc' dir='ltr'>πέμπτον</span> <span class='ocrx_word' id='word_1_237' title='bbox 853 2094 935 2149; x_wconf 78' lang='grc' dir='ltr'>ἆθλον</span> <span class='ocrx_word' id='word_1_238' title='bbox 958 2096 985 2149; x_wconf 86' lang='grc' dir='ltr'><em>έν</em></span> <span class='ocrx_word' id='word_1_239' title='bbox 1008 2095 1138 2149; x_wconf 81' lang='grc' dir='ltr'>Ἐλευσῖνι</span> <span class='ocrx_word' id='word_1_240' title='bbox 1161 2096 1278 2150; x_wconf 84' lang='grc' dir='ltr'>παλαίων</span> <span class='ocrx_word' id='word_1_241' title='bbox 1297 2093 1470 2164; x_wconf 77' lang='grc' dir='ltr'>διηγωνίσατα</span> 
     </span>
     <span class='ocr_line' id='line_1_24' title="bbox 316 2165 1468 2236; baseline 0.002 -18"><span class='ocrx_word' id='word_1_242' title='bbox 316 2165 427 2234; x_wconf 68' lang='lat' dir='ltr'><em>enoris.</em></span> <span class='ocrx_word' id='word_1_243' title='bbox 454 2167 495 2220; x_wconf 84' lang='lat' dir='ltr'><em>Cf.</em></span> <span class='ocrx_word' id='word_1_244' title='bbox 510 2167 593 2221; x_wconf 91' lang='lat' dir='ltr'><em>Paus.</em></span> <span class='ocrx_word' id='word_1_245' title='bbox 608 2165 624 2220; x_wconf 93' lang='lat' dir='ltr'><em>i.</em></span> <span class='ocrx_word' id='word_1_246' title='bbox 639 2181 679 2235; x_wconf 73' lang='lat' dir='ltr'><em>39t</em></span> <span class='ocrx_word' id='word_1_247' title='bbox 695 2181 718 2234; x_wconf 85' lang='lat'><em>3.</em></span> <span class='ocrx_word' id='word_1_248' title='bbox 777 2169 842 2221; x_wconf 83' lang='lat'><em>413.</em></span> <span class='ocrx_word' id='word_1_249' title='bbox 864 2169 977 2221; x_wconf 91' lang='lat' dir='ltr'><em>lncerta</em></span> <span class='ocrx_word' id='word_1_250' title='bbox 989 2166 1080 2221; x_wconf 92' lang='lat' dir='ltr'><em>lectio.</em></span> <span class='ocrx_word' id='word_1_251' title='bbox 1109 2167 1193 2236; x_wconf 83' lang='lat' dir='ltr'><em>Quod</em></span> <span class='ocrx_word' id='word_1_252' title='bbox 1206 2165 1306 2236; x_wconf 90' lang='lat' dir='ltr'><em>scripsi</em></span> <span class='ocrx_word' id='word_1_253' title='bbox 1319 2183 1468 2235; x_wconf 87' lang='lat' dir='ltr'><em>compares</em></span> 
     </span>
     <span class='ocr_line' id='line_1_25' title="bbox 314 2236 1468 2308; baseline 0 -18"><span class='ocrx_word' id='word_1_254' title='bbox 314 2253 380 2290; x_wconf 91' lang='lat' dir='ltr'><em>cum</em></span> <span class='ocrx_word' id='word_1_255' title='bbox 393 2249 426 2305; x_wconf 83' lang='lat'><em>95</em></span> <span class='ocrx_word' id='word_1_256' title='bbox 438 2237 528 2290; x_wconf 92' lang='lat' dir='ltr'><em>Illum</em></span> <span class='ocrx_word' id='word_1_257' title='bbox 540 2253 589 2308; x_wconf 84' lang='lat' dir='ltr'><em>ego</em></span> <span class='ocrx_word' id='word_1_258' title='bbox 600 2238 721 2292; x_wconf 89' lang='lat' dir='ltr'><em>deuoueo</em></span> <span class='ocrx_word' id='word_1_259' title='bbox 739 2254 819 2307; x_wconf 87' lang='lat' dir='ltr'><em>quem</em></span> <span class='ocrx_word' id='word_1_260' title='bbox 837 2254 930 2292; x_wconf 88' lang='lat' dir='ltr'><em>mens</em></span> <span class='ocrx_word' id='word_1_261' title='bbox 949 2238 1087 2308; x_wconf 81' lang='lat' dir='ltr'><em>intelligit</em></span> <span class='ocrx_word' id='word_1_262' title='bbox 1102 2238 1165 2290; x_wconf 87' lang='lat' dir='ltr'><em>Ibin</em></span> <span class='ocrx_word' id='word_1_263' title='bbox 1181 2237 1240 2306; x_wconf 81' lang='lat' dir='ltr'><em>Qui</em></span> <span class='ocrx_word' id='word_1_264' title='bbox 1253 2239 1306 2291; x_wconf 91' lang='lat' dir='ltr'><em>scii</em></span> <span class='ocrx_word' id='word_1_265' title='bbox 1319 2254 1349 2290; x_wconf 88' lang='lat' dir='ltr'><em>se</em></span> <span class='ocrx_word' id='word_1_266' title='bbox 1365 2237 1380 2289; x_wconf 85' lang='lat' dir='ltr'><strong>f</strong></span> <span class='ocrx_word' id='word_1_267' title='bbox 1381 2236 1468 2290; x_wconf 90' lang='lat' dir='ltr'><em>actis</em></span> 
     </span>
     <span class='ocr_line' id='line_1_26' title="bbox 314 2307 1468 2377; baseline 0 -16"><span class='ocrx_word' id='word_1_268' title='bbox 314 2307 367 2361; x_wconf 79' lang='lat' dir='ltr'><em>lias</em></span> <span class='ocrx_word' id='word_1_269' title='bbox 379 2309 511 2361; x_wconf 76' lang='lat' dir='ltr'><em>memisse</em></span> <span class='ocrx_word' id='word_1_270' title='bbox 522 2311 625 2377; x_wconf 87' lang='lat' dir='ltr'><em>preces.</em></span> <span class='ocrx_word' id='word_1_271' title='bbox 663 2307 711 2362; x_wconf 92' lang='lat' dir='ltr'><em>Sic</em></span> <span class='ocrx_word' id='word_1_272' title='bbox 723 2308 862 2362; x_wconf 82' lang='lat' dir='ltr'><em>enimira</em></span> <span class='ocrx_word' id='word_1_273' title='bbox 876 2318 903 2362; x_wconf 91' lang='lat' dir='ltr'><em>et</em></span> <span class='ocrx_word' id='word_1_274' title='bbox 920 2313 1037 2363; x_wconf 86' lang='lat' dir='ltr'><em>mentis</em></span> <span class='ocrx_word' id='word_1_275' title='bbox 1049 2318 1076 2363; x_wconf 89' lang='lat' dir='ltr'><em>et</em></span> <span class='ocrx_word' id='word_1_276' title='bbox 1088 2311 1264 2363; x_wconf 83' lang='lat' dir='ltr'><em>iustissima</em></span> <span class='ocrx_word' id='word_1_277' title='bbox 1276 2317 1328 2362; x_wconf 89' lang='lat' dir='ltr'><em>est.</em></span> <span class='ocrx_word' id='word_1_278' title='bbox 1366 2308 1425 2361; x_wconf 87' lang='lat' dir='ltr'><em>Sed</em></span> <span class='ocrx_word' id='word_1_279' title='bbox 1439 2316 1468 2361; x_wconf 87' lang='lat' dir='ltr'><em>et</em></span> 
     </span>
     <span class='ocr_line' id='line_1_27' title="bbox 315 2379 1469 2450; baseline 0 -18"><span class='ocrx_word' id='word_1_280' title='bbox 315 2395 387 2448; x_wconf 86' lang='lat' dir='ltr'><em>quae</em></span> <span class='ocrx_word' id='word_1_281' title='bbox 405 2381 514 2432; x_wconf 80' lang='lat' dir='ltr'><em>meritis</em></span> <span class='ocrx_word' id='word_1_282' title='bbox 526 2379 658 2450; x_wconf 73' lang='lat' dir='ltr'><em>precibus</em></span> <span class='ocrx_word' id='word_1_283' title='bbox 675 2395 737 2431; x_wconf 82' lang='lat' dir='ltr'><em>urea</em></span> <span class='ocrx_word' id='word_1_284' title='bbox 753 2379 780 2434; x_wconf 87' lang='lat' dir='ltr'><em>d.</em></span> <span class='ocrx_word' id='word_1_285' title='bbox 799 2381 847 2432; x_wconf 89' lang='lat' dir='ltr'><em>ira</em></span> <span class='ocrx_word' id='word_1_286' title='bbox 866 2389 961 2448; x_wconf 91' lang='lat' dir='ltr'><em>potest</em></span> <span class='ocrx_word' id='word_1_287' title='bbox 979 2379 1043 2448; x_wconf 88' lang='lat' dir='ltr'><em>legi,</em></span> <span class='ocrx_word' id='word_1_288' title='bbox 1057 2389 1087 2433; x_wconf 91' lang='lat' dir='ltr'><em>ut</em></span> <span class='ocrx_word' id='word_1_289' title='bbox 1105 2380 1189 2432; x_wconf 77' lang='lat' dir='ltr'><em>rustr&#39;s</em></span> <span class='ocrx_word' id='word_1_290' title='bbox 1206 2388 1353 2448; x_wconf 89' lang='lat' dir='ltr'><em>tamquam</em></span> <span class='ocrx_word' id='word_1_291' title='bbox 1371 2379 1469 2446; x_wconf 86' lang='lat' dir='ltr'><em>glossa</em></span> 
     </span>
     <span class='ocr_line' id='line_1_28' title="bbox 315 2448 1467 2518; baseline -0.003 -14"><span class='ocrx_word' id='word_1_292' title='bbox 315 2448 397 2504; x_wconf 86' lang='lat' dir='ltr'><em>tuerit</em></span> <span class='ocrx_word' id='word_1_293' title='bbox 414 2449 551 2517; x_wconf 92' lang='lat' dir='ltr'><em>additum,</em></span> <span class='ocrx_word' id='word_1_294' title='bbox 565 2465 621 2518; x_wconf 94' lang='lat' dir='ltr'><em>quo</em></span> <span class='ocrx_word' id='word_1_295' title='bbox 638 2451 748 2502; x_wconf 77' lang='lat' dir='ltr'><em>nun&#39;tis</em></span> <span class='ocrx_word' id='word_1_296' title='bbox 763 2450 955 2518; x_wconf 84' lang='lat' dir='ltr'><em>explicaretur.</em></span> <span class='ocrx_word' id='word_1_297' title='bbox 994 2450 1052 2504; x_wconf 90' lang='lat' dir='ltr'><em>Sed</em></span> <span class='ocrx_word' id='word_1_298' title='bbox 1070 2466 1127 2503; x_wconf 92' lang='lat' dir='ltr'><em>non</em></span> <span class='ocrx_word' id='word_1_299' title='bbox 1145 2449 1249 2502; x_wconf 87' lang='lat' dir='ltr'><em>infitior</em></span> <span class='ocrx_word' id='word_1_300' title='bbox 1265 2449 1295 2503; x_wconf 93' lang='lat' dir='ltr'><em>id</em></span> <span class='ocrx_word' id='word_1_301' title='bbox 1307 2448 1393 2502; x_wconf 92' lang='lat' dir='ltr'><em>nimis</em></span> <span class='ocrx_word' id='word_1_302' title='bbox 1405 2450 1467 2502; x_wconf 90' lang='lat' dir='ltr'><em>lan·</em></span> 
     </span>
     <span class='ocr_line' id='line_1_29' title="bbox 314 2519 1467 2590; baseline -0.002 -16"><span class='ocrx_word' id='word_1_303' title='bbox 314 2537 400 2588; x_wconf 86' lang='lat' dir='ltr'><em>guere</em></span> <span class='ocrx_word' id='word_1_304' title='bbox 418 2519 488 2574; x_wconf 90' lang='lat' dir='ltr'><em>mihi</em></span> <span class='ocrx_word' id='word_1_305' title='bbox 507 2519 604 2574; x_wconf 88' lang='lat' dir='ltr'><em>uideri.</em></span> <span class='ocrx_word' id='word_1_306' title='bbox 696 2523 763 2574; x_wconf 82' lang='lat'><em>415.</em></span> <span class='ocrx_word' id='word_1_307' title='bbox 781 2522 1038 2575; x_wconf 83' lang='lat' dir='ltr'><em>Achaemenides.</em></span> <span class='ocrx_word' id='word_1_308' title='bbox 1071 2519 1197 2590; x_wconf 90' lang='lat' dir='ltr'><em>Sumpsit</em></span> <span class='ocrx_word' id='word_1_309' title='bbox 1217 2521 1270 2573; x_wconf 92' lang='lat' dir='ltr'><em>hoc</em></span> <span class='ocrx_word' id='word_1_310' title='bbox 1289 2537 1323 2573; x_wconf 90' lang='lat' dir='ltr'><em>ex</em></span> <span class='ocrx_word' id='word_1_311' title='bbox 1338 2519 1467 2573; x_wconf 86' lang='lat' dir='ltr'><em>Aeneide</em></span> 
     </span>
     <span class='ocr_line' id='line_1_30' title="bbox 314 2588 1466 2662; baseline -0.001 -18"><span class='ocrx_word' id='word_1_312' title='bbox 314 2589 351 2644; x_wconf 93' lang='lat' dir='ltr'><em>iii.</em></span> <span class='ocrx_word' id='word_1_313' title='bbox 368 2592 496 2660; x_wconf 82' lang='lat'><em>587-691.</em></span> <span class='ocrx_word' id='word_1_314' title='bbox 535 2590 600 2644; x_wconf 89' lang='lat' dir='ltr'><em>Fuit</em></span> <span class='ocrx_word' id='word_1_315' title='bbox 612 2592 714 2660; x_wconf 85' lang='lat' dir='ltr'><em>patria</em></span> <span class='ocrx_word' id='word_1_316' title='bbox 731 2608 768 2644; x_wconf 84' lang='lat' dir='ltr'><em>ex</em></span> <span class='ocrx_word' id='word_1_317' title='bbox 782 2591 890 2658; x_wconf 84' lang='lat' dir='ltr'><em>Itbaca,</em></span> <span class='ocrx_word' id='word_1_318' title='bbox 907 2607 995 2646; x_wconf 86' lang='lat' dir='ltr'><em>comes</em></span> <span class='ocrx_word' id='word_1_319' title='bbox 1012 2592 1133 2662; x_wconf 86' lang='lat' dir='ltr'><em>infelicis</em></span> <span class='ocrx_word' id='word_1_320' title='bbox 1150 2592 1229 2645; x_wconf 76' lang='lat' dir='ltr'><em>Vlixi</em></span> <span class='ocrx_word' id='word_1_321' title='bbox 1242 2589 1329 2660; x_wconf 83' lang='lat' dir='ltr'><em>(Aen.</em></span> <span class='ocrx_word' id='word_1_322' title='bbox 1347 2589 1384 2644; x_wconf 91' lang='lat' dir='ltr'><em>iii.</em></span> <span class='ocrx_word' id='word_1_323' title='bbox 1402 2588 1466 2657; x_wconf 88' lang='lat'>613)</span> 
     </span>
     <span class='ocr_line' id='line_1_31' title="bbox 318 2659 1467 2732; baseline -0.001 -18"><span class='ocrx_word' id='word_1_324' title='bbox 318 2662 434 2715; x_wconf 88' lang='lat' dir='ltr'><em>Troiam</em></span> <span class='ocrx_word' id='word_1_325' title='bbox 442 2663 572 2732; x_wconf 85' lang='lat' dir='ltr'><em>genitore</em></span> <span class='ocrx_word' id='word_1_326' title='bbox 582 2661 741 2714; x_wconf 88' lang='lat' dir='ltr'><em>Adamasto</em></span> <span class='ocrx_word' id='word_1_327' title='bbox 753 2662 884 2731; x_wconf 88' lang='lat' dir='ltr'><em>Paupere</em></span> <span class='ocrx_word' id='word_1_328' title='bbox 890 2663 1034 2732; x_wconf 87' lang='lat' dir='ltr'><em>profectus</em></span> <span class='ocrx_word' id='word_1_329' title='bbox 1047 2662 1118 2729; x_wconf 85' lang='lat'><em>(614,</em></span> <span class='ocrx_word' id='word_1_330' title='bbox 1134 2659 1168 2730; x_wconf 91' lang='grc'><em>5).</em></span> <span class='ocrx_word' id='word_1_331' title='bbox 1205 2661 1259 2731; x_wconf 82' lang='lat' dir='ltr'><em>Qui</em></span> <span class='ocrx_word' id='word_1_332' title='bbox 1273 2678 1338 2715; x_wconf 92' lang='lat' dir='ltr'><em>cum</em></span> <span class='ocrx_word' id='word_1_333' title='bbox 1351 2678 1369 2715; x_wconf 88' lang='lat' dir='ltr'><em>a</em></span> <span class='ocrx_word' id='word_1_334' title='bbox 1381 2661 1467 2714; x_wconf 90' lang='lat' dir='ltr'><em>sociis</em></span> 
     </span>
     <span class='ocr_line' id='line_1_32' title="bbox 314 2730 1467 2801; baseline -0.001 -15"><span class='ocrx_word' id='word_1_335' title='bbox 314 2731 352 2786; x_wconf 92' lang='lat' dir='ltr'><em>ad</em></span> <span class='ocrx_word' id='word_1_336' title='bbox 372 2732 499 2786; x_wconf 88' lang='lat' dir='ltr'><em>Siciliam</em></span> <span class='ocrx_word' id='word_1_337' title='bbox 517 2730 642 2801; x_wconf 88' lang='lat' dir='ltr'><em>appulsis</em></span> <span class='ocrx_word' id='word_1_338' title='bbox 663 2731 692 2784; x_wconf 92' lang='lat' dir='ltr'><em>in</em></span> <span class='ocrx_word' id='word_1_339' title='bbox 707 2731 872 2801; x_wconf 89' lang='lat' dir='ltr'><em>Polyphemi</em></span> <span class='ocrx_word' id='word_1_340' title='bbox 892 2743 973 2787; x_wconf 87' lang='lat' dir='ltr'><em>antro</em></span> <span class='ocrx_word' id='word_1_341' title='bbox 993 2733 1120 2787; x_wconf 88' lang='lat' dir='ltr'><em>desertus</em></span> <span class='ocrx_word' id='word_1_342' title='bbox 1140 2743 1223 2800; x_wconf 90' lang='lat' dir='ltr'><em>esset,</em></span> <span class='ocrx_word' id='word_1_343' title='bbox 1237 2732 1371 2801; x_wconf 87' lang='lat' dir='ltr'><em>profugus</em></span> <span class='ocrx_word' id='word_1_344' title='bbox 1390 2731 1467 2785; x_wconf 91' lang='lat' dir='ltr'><em>illinc</em></span> 
     </span>
     <span class='ocr_line' id='line_1_33' title="bbox 314 2802 1467 2867; baseline 0 -11"><span class='ocrx_word' id='word_1_345' title='bbox 314 2802 353 2856; x_wconf 92' lang='lat' dir='ltr'><em>ad</em></span> <span class='ocrx_word' id='word_1_346' title='bbox 364 2802 430 2857; x_wconf 91' lang='lat' dir='ltr'><em>litus</em></span> <span class='ocrx_word' id='word_1_347' title='bbox 439 2804 564 2857; x_wconf 89' lang='lat' dir='ltr'><em>Teucros</em></span> <span class='ocrx_word' id='word_1_348' title='bbox 578 2819 642 2856; x_wconf 89' lang='lat' dir='ltr'><em>cum</em></span> <span class='ocrx_word' id='word_1_349' title='bbox 653 2803 751 2857; x_wconf 86' lang='lat' dir='ltr'><em>Aenea</em></span> <span class='ocrx_word' id='word_1_350' title='bbox 761 2803 949 2857; x_wconf 88' lang='lat' dir='ltr'><em>deueneratus</em></span> <span class='ocrx_word' id='word_1_351' title='bbox 962 2814 1005 2858; x_wconf 90' lang='lat' dir='ltr'><em>est</em></span> <span class='ocrx_word' id='word_1_352' title='bbox 1018 2813 1048 2857; x_wconf 93' lang='lat' dir='ltr'><em>ut</em></span> <span class='ocrx_word' id='word_1_353' title='bbox 1062 2805 1172 2857; x_wconf 89' lang='lat' dir='ltr'><em>saluum</em></span> <span class='ocrx_word' id='word_1_354' title='bbox 1185 2820 1216 2856; x_wconf 90' lang='lat' dir='ltr'><em>se</em></span> <span class='ocrx_word' id='word_1_355' title='bbox 1226 2803 1359 2867; x_wconf 87' lang='lat' dir='ltr'><em>lacerent,</em></span> <span class='ocrx_word' id='word_1_356' title='bbox 1369 2803 1406 2856; x_wconf 93' lang='lat' dir='ltr'><em>ab</em></span> <span class='ocrx_word' id='word_1_357' title='bbox 1417 2802 1467 2856; x_wconf 92' lang='lat' dir='ltr'><em>iis·</em></span> 
     </span>
     <span class='ocr_line' id='line_1_34' title="bbox 314 2872 1466 2943; baseline 0.001 -17"><span class='ocrx_word' id='word_1_358' title='bbox 314 2889 370 2941; x_wconf 93' lang='lat' dir='ltr'><em>que</em></span> <span class='ocrx_word' id='word_1_359' title='bbox 383 2872 411 2926; x_wconf 92' lang='lat' dir='ltr'><em>in</em></span> <span class='ocrx_word' id='word_1_360' title='bbox 425 2890 512 2928; x_wconf 91' lang='lat' dir='ltr'><em>naues</em></span> <span class='ocrx_word' id='word_1_361' title='bbox 526 2883 655 2942; x_wconf 88' lang='lat' dir='ltr'><em>receptus</em></span> <span class='ocrx_word' id='word_1_362' title='bbox 668 2882 720 2928; x_wconf 88' lang='lat' dir='ltr'><em>est.</em></span> <span class='ocrx_word' id='word_1_363' title='bbox 754 2877 860 2928; x_wconf 78' lang='lat' dir='ltr'><em>Sicula</em></span> <span class='ocrx_word' id='word_1_364' title='bbox 871 2877 1014 2928; x_wconf 82' lang='lat' dir='ltr'><em>desertus</em></span> <span class='ocrx_word' id='word_1_365' title='bbox 1026 2878 1061 2928; x_wconf 87' lang='lat' dir='ltr'><em>in</em></span> <span class='ocrx_word' id='word_1_366' title='bbox 1070 2878 1181 2928; x_wconf 75' lang='lat' dir='ltr'><em>Aetna</em></span> <span class='ocrx_word' id='word_1_367' title='bbox 1204 2874 1342 2943; x_wconf 88' lang='lat' dir='ltr'><em>Cyclopes</em></span> <span class='ocrx_word' id='word_1_368' title='bbox 1352 2873 1400 2926; x_wconf 93' lang='lat' dir='ltr'><em>ubi</em></span> <span class='ocrx_word' id='word_1_369' title='bbox 1414 2874 1466 2927; x_wconf 93' lang='lat' dir='ltr'><em>ha·</em></span> 
     </span>
     <span class='ocr_line' id='line_1_35' title="bbox 314 2942 1466 3014; baseline 0 -18"><span class='ocrx_word' id='word_1_370' title='bbox 314 2942 452 3011; x_wconf 88' lang='lat' dir='ltr'><em>bitabant,</em></span> <span class='ocrx_word' id='word_1_371' title='bbox 462 2944 603 3014; x_wconf 84' lang='lat' dir='ltr'><em>Itom&#39;sicis</em></span> <span class='ocrx_word' id='word_1_372' title='bbox 615 2946 698 2997; x_wconf 83' lang='lat' dir='ltr'><em>iuxta</em></span> <span class='ocrx_word' id='word_1_373' title='bbox 710 2949 790 2998; x_wconf 87' lang='lat' dir='ltr'><em>tonat</em></span> <span class='ocrx_word' id='word_1_374' title='bbox 798 2945 894 2998; x_wconf 88' lang='lat' dir='ltr'><em>Aetna</em></span> <span class='ocrx_word' id='word_1_375' title='bbox 907 2947 1002 2998; x_wconf 87' lang='lat' dir='ltr'><em>ruinis</em></span> <span class='ocrx_word' id='word_1_376' title='bbox 1012 2946 1092 3013; x_wconf 91' lang='lat' dir='ltr'><em>(Aen.</em></span> <span class='ocrx_word' id='word_1_377' title='bbox 1104 2944 1141 2998; x_wconf 90' lang='lat' dir='ltr'><em>iii.</em></span> <span class='ocrx_word' id='word_1_378' title='bbox 1154 2943 1224 3012; x_wconf 84' lang='lat'><em>571),</em></span> <span class='ocrx_word' id='word_1_379' title='bbox 1233 2943 1466 2998; x_wconf 87' lang='lat' dir='ltr'><em>Achaemeniden</em></span> 
     </span>
     <span class='ocr_line' id='line_1_36' title="bbox 314 3015 1469 3084; baseline 0.002 -18"><span class='ocrx_word' id='word_1_380' title='bbox 314 3024 409 3067; x_wconf 90' lang='lat' dir='ltr'><em>autem</em></span> <span class='ocrx_word' id='word_1_381' title='bbox 421 3015 490 3068; x_wconf 90' lang='lat' dir='ltr'><em>dum</em></span> <span class='ocrx_word' id='word_1_382' title='bbox 502 3015 610 3083; x_wconf 78' lang='lat' dir='ltr'><em>trepidi</em></span> <span class='ocrx_word' id='word_1_383' title='bbox 618 3015 744 3069; x_wconf 86' lang='lat' dir='ltr'><em>crudelia</em></span> <span class='ocrx_word' id='word_1_384' title='bbox 755 3016 858 3068; x_wconf 89' lang='lat' dir='ltr'><em>limina</em></span> <span class='ocrx_word' id='word_1_385' title='bbox 870 3016 981 3070; x_wconf 88' lang='lat' dir='ltr'><em>lincunt</em></span> <span class='ocrx_word' id='word_1_386' title='bbox 987 3017 1156 3068; x_wconf 88' lang='lat' dir='ltr'><em>Inmemores</em></span> <span class='ocrx_word' id='word_1_387' title='bbox 1167 3016 1237 3068; x_wconf 82' lang='lat' dir='ltr'><em>socii</em></span> <span class='ocrx_word' id='word_1_388' title='bbox 1247 3021 1327 3068; x_wconf 88' lang='lat' dir='ltr'><em>uasta</em></span> <span class='ocrx_word' id='word_1_389' title='bbox 1341 3015 1469 3084; x_wconf 84' lang='lat' dir='ltr'><em>Cyclopis</em></span> 
     </span>
     <span class='ocr_line' id='line_1_37' title="bbox 314 3085 1468 3153; baseline 0.001 -16"><span class='ocrx_word' id='word_1_390' title='bbox 314 3085 345 3137; x_wconf 90' lang='lat' dir='ltr'><em>in</em></span> <span class='ocrx_word' id='word_1_391' title='bbox 370 3090 454 3137; x_wconf 86' lang='lat' dir='ltr'><em>antro</em></span> <span class='ocrx_word' id='word_1_392' title='bbox 478 3086 664 3138; x_wconf 88' lang='lat' dir='ltr'><em>Deseruere</em></span> <span class='ocrx_word' id='word_1_393' title='bbox 685 3085 894 3153; x_wconf 65' lang='lat' dir='ltr'><em>(litomeris).</em></span> <span class='ocrx_word' id='word_1_394' title='bbox 965 3089 1032 3140; x_wconf 84' lang='lat'><em>416.</em></span> <span class='ocrx_word' id='word_1_395' title='bbox 1057 3089 1169 3140; x_wconf 72' lang='lat' dir='ltr'><em>Troica</em></span> <span class='ocrx_word' id='word_1_396' title='bbox 1192 3102 1264 3139; x_wconf 90' lang='lat' dir='ltr'><em>oum</em></span> <span class='ocrx_word' id='word_1_397' title='bbox 1288 3089 1372 3139; x_wconf 79' lang='lat' dir='ltr'><em>uruit</em></span> <span class='ocrx_word' id='word_1_398' title='bbox 1394 3089 1468 3139; x_wconf 81' lang='lat' dir='ltr'><em>uela</em></span> 
     </span>
     <span class='ocr_line' id='line_1_38' title="bbox 313 3153 1467 3228; baseline 0.002 -22"><span class='ocrx_word' id='word_1_399' title='bbox 313 3157 430 3208; x_wconf 86' lang='lat' dir='ltr'><em>uenire.</em></span> <span class='ocrx_word' id='word_1_400' title='bbox 468 3155 538 3208; x_wconf 87' lang='lat' dir='ltr'><em>Aen.</em></span> <span class='ocrx_word' id='word_1_401' title='bbox 552 3153 589 3208; x_wconf 91' lang='lat' dir='ltr'><em>iii.</em></span> <span class='ocrx_word' id='word_1_402' title='bbox 605 3167 656 3223; x_wconf 83' lang='lat'><em>590</em></span> <span class='ocrx_word' id='word_1_403' title='bbox 667 3172 682 3208; x_wconf 92' lang='lat' dir='ltr'><em>e</em></span> <span class='ocrx_word' id='word_1_404' title='bbox 693 3157 777 3209; x_wconf 88' lang='lat' dir='ltr'><em>siluis</em></span> <span class='ocrx_word' id='word_1_405' title='bbox 791 3159 879 3211; x_wconf 85' lang='lat' dir='ltr'><em>macie</em></span> <span class='ocrx_word' id='word_1_406' title='bbox 893 3157 1014 3228; x_wconf 75' lang='lat' dir='ltr'><em>conjecta</em></span> <span class='ocrx_word' id='word_1_407' title='bbox 1030 3161 1162 3226; x_wconf 89' lang='lat' dir='ltr'><em>suprema</em></span> <span class='ocrx_word' id='word_1_408' title='bbox 1173 3158 1273 3228; x_wconf 84' lang='lat' dir='ltr'><em>Ignoti</em></span> <span class='ocrx_word' id='word_1_409' title='bbox 1282 3173 1358 3209; x_wconf 88' lang='lat' dir='ltr'><em>noua</em></span> <span class='ocrx_word' id='word_1_410' title='bbox 1365 3157 1467 3227; x_wconf 76' lang='lat' dir='ltr'><em>somna</em></span> 
     </span>
     <span class='ocr_line' id='line_1_39' title="bbox 313 3225 1466 3296; baseline 0.003 -20"><span class='ocrx_word' id='word_1_411' title='bbox 313 3226 381 3291; x_wconf 69' lang='lat' dir='ltr'><em>urii,</em></span> <span class='ocrx_word' id='word_1_412' title='bbox 403 3225 617 3294; x_wconf 81' lang='lat' dir='ltr'><em>miserandaque</em></span> <span class='ocrx_word' id='word_1_413' title='bbox 636 3227 715 3279; x_wconf 88' lang='lat' dir='ltr'><em>cultu</em></span> <span class='ocrx_word' id='word_1_414' title='bbox 731 3228 883 3282; x_wconf 88' lang='lat' dir='ltr'><em>Procedit.</em></span> <span class='ocrx_word' id='word_1_415' title='bbox 904 3269 910 3281; x_wconf 97' lang='lat'><em>.</em></span> <span class='ocrx_word' id='word_1_416' title='bbox 930 3229 1028 3282; x_wconf 77' lang='lat' dir='ltr'><em>,Dira</em></span> <span class='ocrx_word' id='word_1_417' title='bbox 1045 3229 1169 3281; x_wconf 88' lang='lat' dir='ltr'><em>inluuies</em></span> <span class='ocrx_word' id='word_1_418' title='bbox 1186 3229 1358 3296; x_wconf 81' lang='lat' dir='ltr'><em>inmissaque</em></span> <span class='ocrx_word' id='word_1_419' title='bbox 1373 3227 1466 3295; x_wconf 86' lang='lat' dir='ltr'><em>barba,</em></span> 
     </span>
     <span class='ocr_line' id='line_1_40' title="bbox 314 3295 1466 3367; baseline 0.003 -19"><span class='ocrx_word' id='word_1_420' title='bbox 314 3295 478 3348; x_wconf 88' lang='lat' dir='ltr'><em>Consertum</em></span> <span class='ocrx_word' id='word_1_421' title='bbox 500 3300 629 3365; x_wconf 82' lang='lat' dir='ltr'><em>tegumen</em></span> <span class='ocrx_word' id='word_1_422' title='bbox 650 3298 746 3367; x_wconf 89' lang='lat' dir='ltr'><em>spinis.</em></span> <span class='ocrx_word' id='word_1_423' title='bbox 786 3299 925 3352; x_wconf 88' lang='lat' dir='ltr'><em>Fabulam</em></span> <span class='ocrx_word' id='word_1_424' title='bbox 944 3299 1175 3352; x_wconf 86' lang='lat' dir='ltr'><em>Achaemenidae</em></span> <span class='ocrx_word' id='word_1_425' title='bbox 1197 3297 1317 3352; x_wconf 92' lang='lat' dir='ltr'><em>Ouidius</em></span> <span class='ocrx_word' id='word_1_426' title='bbox 1338 3307 1466 3352; x_wconf 90' lang='lat' dir='ltr'><em>narrarat</em></span> 
     </span>
     <span class='ocr_line' id='line_1_41' title="bbox 315 3364 1466 3438; baseline 0.003 -20"><span class='ocrx_word' id='word_1_427' title='bbox 315 3367 385 3419; x_wconf 92' lang='lat' dir='ltr'><em>Met.</em></span> <span class='ocrx_word' id='word_1_428' title='bbox 407 3364 461 3418; x_wconf 88' lang='lat' dir='ltr'><em>xiv.</em></span> <span class='ocrx_word' id='word_1_429' title='bbox 487 3365 537 3418; x_wconf 85' lang='lat'><em>160</em></span> <span class='ocrx_word' id='word_1_430' title='bbox 558 3383 620 3436; x_wconf 92' lang='lat' dir='ltr'><em>sqq.</em></span> <span class='ocrx_word' id='word_1_431' title='bbox 700 3370 764 3423; x_wconf 81' lang='lat'><em>41⁷.</em></span> <span class='ocrx_word' id='word_1_432' title='bbox 784 3371 913 3423; x_wconf 84' lang='lat' dir='ltr'><em>fortuna</em></span> <span class='ocrx_word' id='word_1_433' title='bbox 931 3378 962 3423; x_wconf 90' lang='lat' dir='ltr'><em>ut</em></span> <span class='ocrx_word' id='word_1_434' title='bbox 983 3368 1128 3423; x_wconf 89' lang='lat' dir='ltr'><em>mendices</em></span> <span class='ocrx_word' id='word_1_435' title='bbox 1150 3379 1178 3422; x_wconf 89' lang='lat' dir='ltr'><em>et</em></span> <span class='ocrx_word' id='word_1_436' title='bbox 1199 3385 1216 3422; x_wconf 86' lang='lat' dir='ltr'><em>a</em></span> <span class='ocrx_word' id='word_1_437' title='bbox 1235 3367 1349 3422; x_wconf 85' lang='lat' dir='ltr'><em>fortiore</em></span> <span class='ocrx_word' id='word_1_438' title='bbox 1371 3368 1466 3438; x_wconf 86' lang='lat' dir='ltr'><em>aliquo</em></span> 
     </span>
     <span class='ocr_line' id='line_1_42' title="bbox 313 3435 1465 3508; baseline 0.001 -18"><span class='ocrx_word' id='word_1_439' title='bbox 313 3435 415 3505; x_wconf 88' lang='lat' dir='ltr'><em>pugnis</em></span> <span class='ocrx_word' id='word_1_440' title='bbox 438 3453 538 3490; x_wconf 91' lang='lat' dir='ltr'><em>caesus</em></span> <span class='ocrx_word' id='word_1_441' title='bbox 560 3437 637 3490; x_wconf 90' lang='lat' dir='ltr'><em>humi</em></span> <span class='ocrx_word' id='word_1_442' title='bbox 659 3435 824 3508; x_wconf 86' lang='lat' dir='ltr'><em>inpingaris,</em></span> <span class='ocrx_word' id='word_1_443' title='bbox 846 3439 918 3494; x_wconf 90' lang='lat' dir='ltr'><em>sicut</em></span> <span class='ocrx_word' id='word_1_444' title='bbox 942 3441 1004 3494; x_wconf 91' lang='lat' dir='ltr'><em>lrus</em></span> <span class='ocrx_word' id='word_1_445' title='bbox 1024 3441 1060 3493; x_wconf 93' lang='lat' dir='ltr'><em>ab</em></span> <span class='ocrx_word' id='word_1_446' title='bbox 1082 3439 1163 3493; x_wconf 89' lang='lat' dir='ltr'><em>Vlixe</em></span> <span class='ocrx_word' id='word_1_447' title='bbox 1186 3439 1240 3493; x_wconf 86' lang='lat' dir='ltr'><em>0d.</em></span> <span class='ocrx_word' id='word_1_448' title='bbox 1263 3438 1336 3492; x_wconf 88' lang='lat' dir='ltr'><em>xviii.</em></span> <span class='ocrx_word' id='word_1_449' title='bbox 1351 3451 1465 3507; x_wconf 85' lang='lat'><em>95-100.</em></span> 
     </span>
     <span class='ocr_line' id='line_1_43' title="bbox 312 3506 1465 3580; baseline 0 -18"><span class='ocrx_word' id='word_1_450' title='bbox 312 3510 485 3564; x_wconf 85' lang='lat' dir='ltr'><em>binominis</em></span> <span class='ocrx_word' id='word_1_451' title='bbox 506 3510 559 3561; x_wconf 83' lang='lat' dir='ltr'><em>Iri.</em></span> <span class='ocrx_word' id='word_1_452' title='bbox 598 3507 693 3561; x_wconf 87' lang='lat' dir='ltr'><em>Etiam</em></span> <span class='ocrx_word' id='word_1_453' title='bbox 715 3512 844 3564; x_wconf 91' lang='lat' dir='ltr'><em>Amaeus</em></span> <span class='ocrx_word' id='word_1_454' title='bbox 870 3511 1027 3580; x_wconf 87' lang='lat' dir='ltr'><em>appellatus</em></span> <span class='ocrx_word' id='word_1_455' title='bbox 1052 3519 1102 3564; x_wconf 90' lang='lat' dir='ltr'><em>est.</em></span> <span class='ocrx_word' id='word_1_456' title='bbox 1141 3510 1197 3564; x_wconf 95' lang='lat' dir='ltr'><em>Od.</em></span> <span class='ocrx_word' id='word_1_457' title='bbox 1217 3509 1291 3563; x_wconf 90' lang='lat' dir='ltr'><em>xviii.</em></span> <span class='ocrx_word' id='word_1_458' title='bbox 1315 3523 1362 3575; x_wconf 90' lang='lat'><em>1-7</em></span> <span class='ocrx_word' id='word_1_459' title='bbox 1378 3506 1465 3562; x_wconf 82' lang='grc' dir='ltr'>Ἦλθε</span> 
     </span>
     <span class='ocr_line' id='line_1_44' title="bbox 312 3573 1465 3650; baseline 0.002 -20"><span class='ocrx_word' id='word_1_460' title='bbox 312 3573 337 3630; x_wconf 73' lang='grc' dir='ltr'><em>δ’</em></span> <span class='ocrx_word' id='word_1_461' title='bbox 358 3577 401 3630; x_wconf 84' lang='grc' dir='ltr'>ε’πί</span> <span class='ocrx_word' id='word_1_462' title='bbox 423 3579 527 3648; x_wconf 70' lang='grc' dir='ltr'>πτωχὸς</span> <span class='ocrx_word' id='word_1_463' title='bbox 545 3579 693 3647; x_wconf 74' lang='grc' dir='ltr'>πανδήμιος,</span> <span class='ocrx_word' id='word_1_464' title='bbox 715 3577 743 3635; x_wconf 76' lang='grc' dir='ltr'><em>ὃς</em></span> <span class='ocrx_word' id='word_1_465' title='bbox 763 3581 826 3634; x_wconf 84' lang='grc' dir='ltr'>κατὰ</span> <span class='ocrx_word' id='word_1_466' title='bbox 846 3582 913 3634; x_wconf 83' lang='lat' dir='ltr'><em>doru</em></span> <span class='ocrx_word' id='word_1_467' title='bbox 935 3580 1098 3650; x_wconf 82' lang='grc' dir='ltr'>Πτωχεάεσκ’</span> <span class='ocrx_word' id='word_1_468' title='bbox 1118 3578 1225 3648; x_wconf 77' lang='grc' dir='ltr'>Ἰθάκης,</span> <span class='ocrx_word' id='word_1_469' title='bbox 1244 3581 1308 3647; x_wconf 81' lang='grc' dir='ltr'>μετὰ</span> <span class='ocrx_word' id='word_1_470' title='bbox 1328 3579 1350 3632; x_wconf 78' lang='grc' dir='ltr'><em>δ’</em></span> <span class='ocrx_word' id='word_1_471' title='bbox 1371 3580 1465 3649; x_wconf 79' lang='grc' dir='ltr'>ἔπρεπε</span> 
     </span>
     <span class='ocr_line' id='line_1_45' title="bbox 312 3645 1465 3720; baseline 0.001 -18"><span class='ocrx_word' id='word_1_472' title='bbox 312 3647 421 3720; x_wconf 79' lang='grc' dir='ltr'>γαστέρι</span> <span class='ocrx_word' id='word_1_473' title='bbox 439 3649 525 3719; x_wconf 79' lang='grc' dir='ltr'>μάργῃ</span> <span class='ocrx_word' id='word_1_474' title='bbox 545 3649 651 3718; x_wconf 76' lang='grc' dir='ltr'>Ἀζηχὲς</span> <span class='ocrx_word' id='word_1_475' title='bbox 668 3648 786 3720; x_wconf 77' lang='grc' dir='ltr'>φαγέμεν</span> <span class='ocrx_word' id='word_1_476' title='bbox 804 3653 844 3704; x_wconf 85' lang='grc' dir='ltr'>καὶ</span> <span class='ocrx_word' id='word_1_477' title='bbox 862 3652 958 3718; x_wconf 84' lang='grc' dir='ltr'>πιέμεν·</span> <span class='ocrx_word' id='word_1_478' title='bbox 984 3649 1041 3705; x_wconf 79' lang='grc' dir='ltr'>οὐδέ</span> <span class='ocrx_word' id='word_1_479' title='bbox 1061 3653 1084 3704; x_wconf 83' lang='lat' dir='ltr'><em>oi</em></span> <span class='ocrx_word' id='word_1_480' title='bbox 1103 3649 1133 3719; x_wconf 80' lang='grc' dir='ltr'><em>ἦν</em></span> <span class='ocrx_word' id='word_1_481' title='bbox 1150 3649 1181 3719; x_wconf 79' lang='lat' dir='ltr'><em>is,</em></span> <span class='ocrx_word' id='word_1_482' title='bbox 1201 3651 1267 3703; x_wconf 78' lang='grc' dir='ltr'>Οὐδὲ</span> <span class='ocrx_word' id='word_1_483' title='bbox 1285 3651 1338 3718; x_wconf 80' lang='grc' dir='ltr'>βίη,</span> <span class='ocrx_word' id='word_1_484' title='bbox 1355 3645 1422 3714; x_wconf 74' lang='grc' dir='ltr'>εἶδος</span> <span class='ocrx_word' id='word_1_485' title='bbox 1436 3649 1465 3703; x_wconf 74' lang='grc' dir='ltr'><em>δὲ</em></span> 
     </span>
    </p>

    <p class='ocr_par' dir='ltr' id='par_1_3' title="bbox 309 3717 1465 4638">
     <span class='ocr_line' id='line_1_46' title="bbox 340 3717 1465 3810; baseline 0 -38"><span class='ocrx_word' id='word_1_486' title='bbox 340 3721 346 3738; x_wconf 84' lang='grc'><em>’</em></span> <span class='ocrx_word' id='word_1_487' title='bbox 366 3741 383 3772; x_wconf 91' lang='grc' dir='ltr'>α</span> <span class='ocrx_word' id='word_1_488' title='bbox 404 3717 483 3788; x_wconf 73' lang='grc' dir='ltr'>μέγας</span> <span class='ocrx_word' id='word_1_489' title='bbox 501 3717 532 3810; x_wconf 56' lang='grc' dir='ltr'><em>ην</em></span> <span class='ocrx_word' id='word_1_490' title='bbox 552 3720 689 3789; x_wconf 87' lang='grc' dir='ltr'>ὁράασθαι.</span> <span class='ocrx_word' id='word_1_491' title='bbox 724 3720 841 3788; x_wconf 75' lang='grc' dir='ltr'>Ἀρναῖος</span> <span class='ocrx_word' id='word_1_492' title='bbox 860 3719 883 3774; x_wconf 84' lang='grc' dir='ltr'><em>δ’</em></span> <span class='ocrx_word' id='word_1_493' title='bbox 902 3720 972 3790; x_wconf 73' lang='grc' dir='ltr'>ὄνομ’</span> <span class='ocrx_word' id='word_1_494' title='bbox 993 3723 1063 3788; x_wconf 77' lang='grc' dir='ltr'>ἔσκε,</span> <span class='ocrx_word' id='word_1_495' title='bbox 1081 3723 1111 3775; x_wconf 87' lang='grc' dir='ltr'><em>τὸ</em></span> <span class='ocrx_word' id='word_1_496' title='bbox 1129 3723 1179 3792; x_wconf 91' lang='grc' dir='ltr'><em>γάρ</em></span> <span class='ocrx_word' id='word_1_497' title='bbox 1198 3721 1256 3775; x_wconf 84' lang='grc' dir='ltr'>θέτο</span> <span class='ocrx_word' id='word_1_498' title='bbox 1274 3724 1365 3774; x_wconf 89' lang='grc' dir='ltr'>πότνια</span> <span class='ocrx_word' id='word_1_499' title='bbox 1382 3720 1465 3790; x_wconf 77' lang='grc' dir='ltr'>μήτηρ</span> 
     </span>
     <span class='ocr_line' id='line_1_47' title="bbox 320 3790 1465 3862; baseline 0 -19"><span class='ocrx_word' id='word_1_500' title='bbox 320 3798 359 3843; x_wconf 88' lang='grc' dir='ltr'><em>Εκ</em></span> <span class='ocrx_word' id='word_1_501' title='bbox 369 3792 482 3861; x_wconf 72' lang='grc' dir='ltr'>γενετῆς·</span> <span class='ocrx_word' id='word_1_502' title='bbox 515 3798 575 3860; x_wconf 86' lang='grc' dir='ltr'>Ιρον</span> <span class='ocrx_word' id='word_1_503' title='bbox 591 3790 620 3843; x_wconf 78' lang='grc' dir='ltr'><em>δὲ</em></span> <span class='ocrx_word' id='word_1_504' title='bbox 636 3792 688 3843; x_wconf 86' lang='grc' dir='ltr'>νέοι</span> <span class='ocrx_word' id='word_1_505' title='bbox 710 3791 850 3859; x_wconf 85' lang='grc' dir='ltr'>κίκλησκον</span> <span class='ocrx_word' id='word_1_506' title='bbox 871 3793 988 3861; x_wconf 85' lang='grc' dir='ltr'>άπαντες,</span> <span class='ocrx_word' id='word_1_507' title='bbox 1012 3791 1099 3846; x_wconf 82' lang='grc' dir='ltr'>οὕνεκ’</span> <span class='ocrx_word' id='word_1_508' title='bbox 1119 3792 1317 3862; x_wconf 79' lang='grc' dir='ltr'>ἀπαγγέλλεσκε</span> <span class='ocrx_word' id='word_1_509' title='bbox 1335 3793 1402 3858; x_wconf 82' lang='grc' dir='ltr'>κιὼν,</span> <span class='ocrx_word' id='word_1_510' title='bbox 1421 3791 1465 3845; x_wconf 86' lang='grc' dir='ltr'><em>ὅτε</em></span> 
     </span>
     <span class='ocr_line' id='line_1_48' title="bbox 311 3859 1464 3930; baseline 0.002 -17"><span class='ocrx_word' id='word_1_511' title='bbox 311 3859 363 3918; x_wconf 77' lang='grc' dir='ltr'><em>πού</em></span> <span class='ocrx_word' id='word_1_512' title='bbox 375 3882 412 3915; x_wconf 71' lang='grc' dir='ltr'><em>τις</em></span> <span class='ocrx_word' id='word_1_513' title='bbox 424 3861 527 3930; x_wconf 82' lang='grc' dir='ltr'>ἀνώγοι.</span> <span class='ocrx_word' id='word_1_514' title='bbox 580 3862 648 3915; x_wconf 81' lang='grc'><strong>418.</strong></span> <span class='ocrx_word' id='word_1_515' title='bbox 667 3864 1051 3928; x_wconf 76' lang='lat' dir='ltr'><em>Quiquetenentpontem</em></span> <span class='ocrx_word' id='word_1_516' title='bbox 1063 3863 1195 3918; x_wconf 89' lang='lat' dir='ltr'><em>mendici.</em></span> <span class='ocrx_word' id='word_1_517' title='bbox 1233 3865 1330 3916; x_wconf 90' lang='lat' dir='ltr'><em>quen.</em></span> <span class='ocrx_word' id='word_1_518' title='bbox 1343 3862 1398 3917; x_wconf 88' lang='lat' dir='ltr'><em>xiv.</em></span> <span class='ocrx_word' id='word_1_519' title='bbox 1415 3876 1464 3930; x_wconf 84' lang='lat'><em>134</em></span> 
     </span>
     <span class='ocr_line' id='line_1_49' title="bbox 311 3929 1465 4005; baseline -0.002 -17"><span class='ocrx_word' id='word_1_520' title='bbox 311 3933 460 3990; x_wconf 84' lang='lat' dir='ltr'><em>Inuitatus</em></span> <span class='ocrx_word' id='word_1_521' title='bbox 482 3932 524 3985; x_wconf 90' lang='lat' dir='ltr'><em>ad</em></span> <span class='ocrx_word' id='word_1_522' title='bbox 543 3929 610 3984; x_wconf 84' lang='lat' dir='ltr'><em>baec</em></span> <span class='ocrx_word' id='word_1_523' title='bbox 633 3933 739 4001; x_wconf 80' lang='lat' dir='ltr'><em>aliquis</em></span> <span class='ocrx_word' id='word_1_524' title='bbox 762 3935 796 3987; x_wconf 88' lang='lat' dir='ltr'><em>de</em></span> <span class='ocrx_word' id='word_1_525' title='bbox 813 3938 901 4004; x_wconf 84' lang='lat' dir='ltr'><em>ponte</em></span> <span class='ocrx_word' id='word_1_526' title='bbox 922 3935 1040 4005; x_wconf 83' lang='lat' dir='ltr'><em>negabit,</em></span> <span class='ocrx_word' id='word_1_527' title='bbox 1063 3933 1098 3989; x_wconf 91' lang='lat' dir='ltr'><em>iv.</em></span> <span class='ocrx_word' id='word_1_528' title='bbox 1121 3935 1169 3988; x_wconf 87' lang='lat'><em>116</em></span> <span class='ocrx_word' id='word_1_529' title='bbox 1187 3934 1323 4002; x_wconf 73' lang='lat' dir='ltr'><em>dirusque</em></span> <span class='ocrx_word' id='word_1_530' title='bbox 1343 3952 1361 3986; x_wconf 91' lang='grc' dir='ltr'>α</span> <span class='ocrx_word' id='word_1_531' title='bbox 1377 3937 1465 4003; x_wconf 86' lang='lat' dir='ltr'><em>ponte</em></span> 
     </span>
     <span class='ocr_line' id='line_1_50' title="bbox 310 4002 1462 4073; baseline 0.001 -17"><span class='ocrx_word' id='word_1_532' title='bbox 310 4003 421 4056; x_wconf 87' lang='lat' dir='ltr'><em>satelles</em></span> <span class='ocrx_word' id='word_1_533' title='bbox 436 4003 553 4073; x_wconf 58' lang='lat' dir='ltr'><em>Dignus</em></span> <span class='ocrx_word' id='word_1_534' title='bbox 570 4002 706 4056; x_wconf 85' lang='lat' dir='ltr'><em>Am&#39;cinos</em></span> <span class='ocrx_word' id='word_1_535' title='bbox 723 4005 775 4072; x_wconf 79' lang='lat' dir='ltr'><em>qui</em></span> <span class='ocrx_word' id='word_1_536' title='bbox 792 4006 961 4058; x_wconf 76' lang='lat' dir='ltr'><em>mendicaret</em></span> <span class='ocrx_word' id='word_1_537' title='bbox 979 4007 1020 4058; x_wconf 91' lang='lat' dir='ltr'><em>ad</em></span> <span class='ocrx_word' id='word_1_538' title='bbox 1034 4022 1107 4072; x_wconf 83' lang='lat' dir='ltr'><em>axes,</em></span> <span class='ocrx_word' id='word_1_539' title='bbox 1127 4023 1153 4058; x_wconf 90' lang='lat' dir='ltr'><em>v.</em></span> <span class='ocrx_word' id='word_1_540' title='bbox 1172 4005 1196 4058; x_wconf 91' lang='lat'><em>8.</em></span> <span class='ocrx_word' id='word_1_541' title='bbox 1235 4006 1321 4058; x_wconf 89' lang='lat' dir='ltr'><em>Mart.</em></span> <span class='ocrx_word' id='word_1_542' title='bbox 1334 4022 1359 4056; x_wconf 92' lang='lat' dir='ltr'><em>x.</em></span> <span class='ocrx_word' id='word_1_543' title='bbox 1375 4016 1398 4072; x_wconf 92' lang='grc'><em>5.</em></span> <span class='ocrx_word' id='word_1_544' title='bbox 1412 4016 1462 4073; x_wconf 82' lang='grc'><em>3-5</em></span> 
     </span>
     <span class='ocr_line' id='line_1_51' title="bbox 310 4073 1464 4145; baseline 0 -18"><span class='ocrx_word' id='word_1_545' title='bbox 310 4074 401 4127; x_wconf 84' lang='lat' dir='ltr'><em>Erret</em></span> <span class='ocrx_word' id='word_1_546' title='bbox 414 4077 470 4142; x_wconf 87' lang='lat' dir='ltr'><em>per</em></span> <span class='ocrx_word' id='word_1_547' title='bbox 487 4073 582 4126; x_wconf 89' lang='lat' dir='ltr'><em>urbem</em></span> <span class='ocrx_word' id='word_1_548' title='bbox 595 4075 694 4142; x_wconf 82' lang='lat' dir='ltr'><em>pontt’s</em></span> <span class='ocrx_word' id='word_1_549' title='bbox 710 4076 793 4128; x_wconf 79' lang='lat' dir='ltr'><em>exsul</em></span> <span class='ocrx_word' id='word_1_550' title='bbox 808 4082 836 4128; x_wconf 91' lang='lat' dir='ltr'><em>et</em></span> <span class='ocrx_word' id='word_1_551' title='bbox 853 4077 925 4129; x_wconf 89' lang='lat' dir='ltr'><em>cliui</em></span> <span class='ocrx_word' id='word_1_552' title='bbox 934 4076 1067 4145; x_wconf 87' lang='lat' dir='ltr'><em>Interque</em></span> <span class='ocrx_word' id='word_1_553' title='bbox 1078 4092 1178 4129; x_wconf 88' lang='lat' dir='ltr'><em>raucos</em></span> <span class='ocrx_word' id='word_1_554' title='bbox 1190 4076 1310 4129; x_wconf 88' lang='lat' dir='ltr'><em>ultimus</em></span> <span class='ocrx_word' id='word_1_555' title='bbox 1320 4092 1353 4128; x_wconf 90' lang='lat' dir='ltr'><em>ro</em></span> <span class='ocrx_word' id='word_1_556' title='bbox 1372 4079 1464 4128; x_wconf 88' lang='lat' dir='ltr'><em>atores</em></span> 
     </span>
     <span class='ocr_line' id='line_1_52' title="bbox 313 4144 1464 4215; baseline 0.002 -19"><span class='ocrx_word' id='word_1_557' title='bbox 313 4144 383 4197; x_wconf 89' lang='lat' dir='ltr'><em>Oret</em></span> <span class='ocrx_word' id='word_1_558' title='bbox 393 4145 511 4199; x_wconf 88' lang='lat' dir='ltr'><em>caninas</em></span> <span class='ocrx_word' id='word_1_559' title='bbox 517 4145 607 4213; x_wconf 86' lang='lat' dir='ltr'><em>panis</em></span> <span class='ocrx_word' id='word_1_560' title='bbox 618 4144 732 4214; x_wconf 86' lang='lat' dir='ltr'><em>inprobi</em></span> <span class='ocrx_word' id='word_1_561' title='bbox 746 4146 850 4200; x_wconf 89' lang='lat' dir='ltr'><em>buccas.</em></span> <span class='ocrx_word' id='word_1_562' title='bbox 887 4146 961 4200; x_wconf 93' lang='lat' dir='ltr'><em>Vide</em></span> <span class='ocrx_word' id='word_1_563' title='bbox 976 4149 1078 4215; x_wconf 93' lang='lat' dir='ltr'><em>Mayor</em></span> <span class='ocrx_word' id='word_1_564' title='bbox 1090 4147 1127 4200; x_wconf 90' lang='lat' dir='ltr'><em>ad</em></span> <span class='ocrx_word' id='word_1_565' title='bbox 1142 4149 1239 4200; x_wconf 93' lang='lat' dir='ltr'><em>luuen.</em></span> <span class='ocrx_word' id='word_1_566' title='bbox 1252 4145 1288 4199; x_wconf 90' lang='lat' dir='ltr'><em>iv.</em></span> <span class='ocrx_word' id='word_1_567' title='bbox 1305 4161 1333 4199; x_wconf 91' lang='lat'><em>11</em></span> <span class='ocrx_word' id='word_1_568' title='bbox 1357 4185 1363 4199; x_wconf 92' lang='lat'><em>.</em></span> <span class='ocrx_word' id='word_1_569' title='bbox 1408 4149 1464 4210; x_wconf 83' lang='lat' dir='ltr'><em>qut</em></span> 
     </span>
     <span class='ocr_line' id='line_1_53' title="bbox 310 4215 1463 4284; baseline 0.001 -16"><span class='ocrx_word' id='word_1_570' title='bbox 310 4218 372 4268; x_wconf 85' lang='lat' dir='ltr'><em>tibi</em></span> <span class='ocrx_word' id='word_1_571' title='bbox 387 4219 488 4268; x_wconf 86' lang='lat' dir='ltr'><em>maior</em></span> <span class='ocrx_word' id='word_1_572' title='bbox 506 4218 575 4268; x_wconf 85' lang='lat' dir='ltr'><em>erit.</em></span> <span class='ocrx_word' id='word_1_573' title='bbox 612 4215 761 4268; x_wconf 89' lang='lat' dir='ltr'><em>Turnebus</em></span> <span class='ocrx_word' id='word_1_574' title='bbox 775 4216 810 4270; x_wconf 91' lang='lat' dir='ltr'><em>ix.</em></span> <span class='ocrx_word' id='word_1_575' title='bbox 824 4229 857 4284; x_wconf 84' lang='lat'><em>25</em></span> <span class='ocrx_word' id='word_1_576' title='bbox 876 4217 982 4271; x_wconf 91' lang='lat' dir='ltr'><em>rettulit</em></span> <span class='ocrx_word' id='word_1_577' title='bbox 1004 4218 1042 4271; x_wconf 93' lang='lat' dir='ltr'><em>ad</em></span> <span class='ocrx_word' id='word_1_578' title='bbox 1061 4218 1149 4271; x_wconf 91' lang='lat' dir='ltr'><em>uerba</em></span> <span class='ocrx_word' id='word_1_579' title='bbox 1166 4220 1291 4282; x_wconf 75' lang='lat' dir='ltr'><em>Quique</em></span> <span class='ocrx_word' id='word_1_580' title='bbox 1309 4222 1403 4283; x_wconf 80' lang='lat' dir='ltr'><em>tenet,</em></span> <span class='ocrx_word' id='word_1_581' title='bbox 1422 4216 1463 4270; x_wconf 92' lang='lat' dir='ltr'><em>sic</em></span> 
     </span>
     <span class='ocr_line' id='line_1_54' title="bbox 311 4283 1463 4358; baseline 0.003 -20"><span class='ocrx_word' id='word_1_582' title='bbox 311 4283 388 4338; x_wconf 89' lang='lat' dir='ltr'><em>enim</em></span> <span class='ocrx_word' id='word_1_583' title='bbox 409 4284 485 4352; x_wconf 88' lang='lat' dir='ltr'><em>legit,</em></span> <span class='ocrx_word' id='word_1_584' title='bbox 507 4284 563 4338; x_wconf 92' lang='lat' dir='ltr'><em>hoc</em></span> <span class='ocrx_word' id='word_1_585' title='bbox 584 4301 669 4338; x_wconf 86' lang='lat' dir='ltr'><em>sensu</em></span> <span class='ocrx_word' id='word_1_586' title='bbox 689 4291 790 4356; x_wconf 80' lang='lat' dir='ltr'><em>‘quem</em></span> <span class='ocrx_word' id='word_1_587' title='bbox 810 4297 924 4356; x_wconf 89' lang='lat' dir='ltr'><em>praete</em></span> <span class='ocrx_word' id='word_1_588' title='bbox 943 4305 1077 4356; x_wconf 89' lang='lat' dir='ltr'><em>magnum</em></span> <span class='ocrx_word' id='word_1_589' title='bbox 1097 4287 1183 4356; x_wconf 88' lang='lat' dir='ltr'><em>dices,</em></span> <span class='ocrx_word' id='word_1_590' title='bbox 1197 4287 1326 4358; x_wconf 89' lang='lat' dir='ltr'><em>quamuis</em></span> <span class='ocrx_word' id='word_1_591' title='bbox 1345 4286 1407 4340; x_wconf 88' lang='lat' dir='ltr'><em>aliis</em></span> <span class='ocrx_word' id='word_1_592' title='bbox 1426 4287 1463 4341; x_wconf 89' lang='lat' dir='ltr'><em>sit</em></span> 
     </span>
     <span class='ocr_line' id='line_1_55' title="bbox 311 4353 1462 4428; baseline 0.003 -20"><span class='ocrx_word' id='word_1_593' title='bbox 311 4353 424 4408; x_wconf 87' lang='lat' dir='ltr'><em>infimus</em></span> <span class='ocrx_word' id='word_1_594' title='bbox 442 4365 470 4408; x_wconf 89' lang='lat' dir='ltr'><em>et</em></span> <span class='ocrx_word' id='word_1_595' title='bbox 489 4355 696 4410; x_wconf 89' lang='lat' dir='ltr'><em>abiectissimus</em></span> <span class='ocrx_word' id='word_1_596' title='bbox 707 4358 727 4423; x_wconf 89' lang='lat'><em>&#39;;</em></span> <span class='ocrx_word' id='word_1_597' title='bbox 746 4357 793 4410; x_wconf 94' lang='lat' dir='ltr'><em>alii</em></span> <span class='ocrx_word' id='word_1_598' title='bbox 812 4358 850 4411; x_wconf 93' lang='lat' dir='ltr'><em>ad</em></span> <span class='ocrx_word' id='word_1_599' title='bbox 866 4364 1004 4422; x_wconf 78' lang='lat' dir='ltr'><em>pontem,</em></span> <span class='ocrx_word' id='word_1_600' title='bbox 1018 4368 1048 4413; x_wconf 90' lang='lat' dir='ltr'><em>ut</em></span> <span class='ocrx_word' id='word_1_601' title='bbox 1061 4360 1093 4413; x_wconf 91' lang='lat' dir='ltr'><em>T.</em></span> <span class='ocrx_word' id='word_1_602' title='bbox 1108 4359 1288 4412; x_wconf 91' lang='lat' dir='ltr'><em>Vnderdown</em></span> <span class='ocrx_word' id='word_1_603' title='bbox 1308 4357 1370 4428; x_wconf 91' lang='lat' dir='ltr'><em>‘qui</em></span> <span class='ocrx_word' id='word_1_604' title='bbox 1389 4373 1462 4427; x_wconf 87' lang='lat' dir='ltr'><em>pons</em></span> 
     </span>
     <span class='ocr_line' id='line_1_56' title="bbox 310 4423 1463 4499; baseline 0.003 -21"><span class='ocrx_word' id='word_1_605' title='bbox 310 4423 361 4478; x_wconf 91' lang='lat' dir='ltr'><em>tibi</em></span> <span class='ocrx_word' id='word_1_606' title='bbox 384 4425 550 4478; x_wconf 89' lang='lat' dir='ltr'><em>extendetur</em></span> <span class='ocrx_word' id='word_1_607' title='bbox 571 4435 599 4480; x_wconf 94' lang='lat' dir='ltr'><em>et</em></span> <span class='ocrx_word' id='word_1_608' title='bbox 620 4428 714 4494; x_wconf 90' lang='lat' dir='ltr'><em>plures</em></span> <span class='ocrx_word' id='word_1_609' title='bbox 736 4429 883 4482; x_wconf 91' lang='lat' dir='ltr'><em>mendicos</em></span> <span class='ocrx_word' id='word_1_610' title='bbox 905 4429 1030 4495; x_wconf 89' lang='lat' dir='ltr'><em>habebit,</em></span> <span class='ocrx_word' id='word_1_611' title='bbox 1048 4446 1104 4499; x_wconf 93' lang='lat' dir='ltr'><em>quo</em></span> <span class='ocrx_word' id='word_1_612' title='bbox 1123 4429 1184 4498; x_wconf 89' lang='lat' dir='ltr'><em>ipse</em></span> <span class='ocrx_word' id='word_1_613' title='bbox 1206 4429 1299 4483; x_wconf 92' lang='lat' dir='ltr'><em>minus</em></span> <span class='ocrx_word' id='word_1_614' title='bbox 1322 4427 1463 4497; x_wconf 67' lang='lat' dir='ltr'><em>accipias.¹</em></span> 
     </span>
     <span class='ocr_line' id='line_1_57' title="bbox 310 4494 1462 4569; baseline 0.006 -22"><span class='ocrx_word' id='word_1_615' title='bbox 310 4495 375 4548; x_wconf 86' lang='lat' dir='ltr'><em>‘He</em></span> <span class='ocrx_word' id='word_1_616' title='bbox 393 4494 511 4548; x_wconf 87' lang='lat' dir='ltr'><em>wisheth</em></span> <span class='ocrx_word' id='word_1_617' title='bbox 526 4495 585 4549; x_wconf 91' lang='lat' dir='ltr'><em>lbis</em></span> <span class='ocrx_word' id='word_1_618' title='bbox 602 4505 631 4548; x_wconf 93' lang='lat' dir='ltr'><em>to</em></span> <span class='ocrx_word' id='word_1_619' title='bbox 650 4497 686 4551; x_wconf 92' lang='lat' dir='ltr'><em>be</em></span> <span class='ocrx_word' id='word_1_620' title='bbox 705 4515 722 4551; x_wconf 91' lang='lat' dir='ltr'><em>a</em></span> <span class='ocrx_word' id='word_1_621' title='bbox 741 4498 847 4566; x_wconf 86' lang='lat' dir='ltr'><em>beggar</em></span> <span class='ocrx_word' id='word_1_622' title='bbox 865 4499 893 4552; x_wconf 94' lang='lat' dir='ltr'><em>in</em></span> <span class='ocrx_word' id='word_1_623' title='bbox 912 4517 1054 4569; x_wconf 89' lang='lat' dir='ltr'><em>company</em></span> <span class='ocrx_word' id='word_1_624' title='bbox 1066 4500 1132 4553; x_wconf 91' lang='lat' dir='ltr'><em>with</em></span> <span class='ocrx_word' id='word_1_625' title='bbox 1149 4518 1167 4554; x_wconf 90' lang='lat' dir='ltr'><em>a</em></span> <span class='ocrx_word' id='word_1_626' title='bbox 1182 4509 1279 4568; x_wconf 85' lang='lat' dir='ltr'><em>greate</em></span> <span class='ocrx_word' id='word_1_627' title='bbox 1298 4511 1382 4566; x_wconf 88' lang='lat' dir='ltr'><em>sorte,</em></span> <span class='ocrx_word' id='word_1_628' title='bbox 1400 4500 1462 4554; x_wconf 92' lang='lat' dir='ltr'><em>that</em></span> 
     </span>
     <span class='ocr_line' id='line_1_58' title="bbox 309 4563 1461 4638; baseline 0.005 -21"><span class='ocrx_word' id='word_1_629' title='bbox 309 4563 354 4622; x_wconf 87' lang='lat' dir='ltr'><em>his</em></span> <span class='ocrx_word' id='word_1_630' title='bbox 367 4573 429 4633; x_wconf 90' lang='lat' dir='ltr'><em>part</em></span> <span class='ocrx_word' id='word_1_631' title='bbox 443 4565 475 4617; x_wconf 85' lang='lat' dir='ltr'><em>of</em></span> <span class='ocrx_word' id='word_1_632' title='bbox 484 4565 531 4618; x_wconf 87' lang='lat' dir='ltr'><em>the</em></span> <span class='ocrx_word' id='word_1_633' title='bbox 544 4567 633 4619; x_wconf 89' lang='lat' dir='ltr'><em>almes</em></span> <span class='ocrx_word' id='word_1_634' title='bbox 646 4583 712 4634; x_wconf 89' lang='lat' dir='ltr'><em>may</em></span> <span class='ocrx_word' id='word_1_635' title='bbox 724 4569 760 4622; x_wconf 90' lang='lat' dir='ltr'><em>be</em></span> <span class='ocrx_word' id='word_1_636' title='bbox 772 4587 839 4638; x_wconf 90' lang='lat' dir='ltr'><em>very</em></span> <span class='ocrx_word' id='word_1_637' title='bbox 852 4570 951 4624; x_wconf 85' lang='lat' dir='ltr'><em>small&#39;</em></span> <span class='ocrx_word' id='word_1_638' title='bbox 985 4570 1032 4623; x_wconf 94' lang='lat' dir='ltr'><em>Ad</em></span> <span class='ocrx_word' id='word_1_639' title='bbox 1046 4573 1123 4624; x_wconf 92' lang='lat' dir='ltr'><em>lrum</em></span> <span class='ocrx_word' id='word_1_640' title='bbox 1137 4571 1159 4625; x_wconf 93' lang='lat' dir='ltr'><em>si</em></span> <span class='ocrx_word' id='word_1_641' title='bbox 1173 4571 1308 4626; x_wconf 84' lang='lat' dir='ltr'><em>referatur</em></span> <span class='ocrx_word' id='word_1_642' title='bbox 1320 4574 1383 4637; x_wconf 90' lang='lat' dir='ltr'><em>qui,</em></span> <span class='ocrx_word' id='word_1_643' title='bbox 1395 4586 1461 4638; x_wconf 90' lang='lat' dir='ltr'><em>pos-</em></span> 
     </span>
    </p>
   </div>
   <div class='ocr_carea' id='block_1_3' title="bbox 0 0 1660 5200">
    <p class='ocr_par' dir='ltr' id='par_1_4' title="bbox 0 0 1660 5200">
     <span class='ocr_line' id='line_1_59' title="bbox 0 0 1660 5200; baseline 0 3"><span class='ocrx_word' id='word_1_644' title='bbox 0 0 1660 5200; x_wconf 95' lang='lat' dir='ltr'><em> </em></span> 
     </span>
    </p>
   </div>
  </div>
 </body>
</html>
