3294 5214
302 466 359 527 xliv
710 461 1038 524 PROLEGOMENA.

303 624 343 683 ibi
361 623 440 684 enim
460 623 497 683 de
512 621 709 700 Neoptolemo
729 623 830 682 dicens
850 622 936 683 adicit
955 625 1035 680 curin
1050 641 1112 681 ossa
1130 632 1182 698 per
1194 621 1271 699 fines
1284 619 1453 682 Ambraciae

303 717 404 782 sparsa
417 712 491 777 sunt,
505 724 574 780 quae
585 711 632 790 es(
639 707 669 763 in
682 705 775 780 Epiri
784 705 953 781 regionibus,
968 705 1006 764 cf.
1021 704 1065 762 Ib.
1081 723 1150 780 303,
1166 722 1193 775 4.

853 889 992 963 V..

346 1023 476 1085 Ventum
494 1032 538 1083 est
554 1023 592 1082 ad
611 1023 842 1083 distributionem
864 1022 1032 1082 fabularum.
1074 1023 1133 1082 Hic
1152 1041 1214 1083 non
1231 1040 1320 1082 unam
1338 1042 1454 1100 semper

303 1107 447 1165 rationem
464 1114 581 1165 secutus
600 1114 643 1164 est
658 1104 791 1176 Ouidius,
807 1103 858 1164 sed
874 1123 942 1164 cum
956 1124 991 1163 ea
1005 1123 1094 1182 quam
1110 1123 1179 1180 prae
1198 1102 1319 1164 caeteris
1336 1106 1453 1176 amauit,
1575 1133 1581 1142 ·

304 1188 391 1246 etiam
412 1188 482 1246 alias
502 1186 660 1246 coniunxit.
703 1186 890 1245 Potissimum
910 1197 1009 1246 tamen
1030 1187 1061 1246 id
1081 1186 1247 1258 elaborauit,
1262 1184 1305 1265 (ἰ.)
1319 1195 1352 1245 ut
1370 1187 1456 1244 simul

303 1275 524 1329 commanerent
537 1269 622 1326 eodem
635 1269 768 1344 supplicio
780 1267 896 1344 affectos.
933 1269 972 1327 Et
988 1268 1035 1328 hic
1050 1268 1141 1326 multo
1156 1268 1301 1326 maximus
1316 1286 1454 1327 numerus

302 1363 354 1410 est
399 1349 625 1410 Recenseantur.

363 1431 409 1512 (ι)
431 1431 558 1492 Caecati.

466 1512 606 1583 Phoenix,
628 1509 769 1588 Oedipus,
789 1510 926 1584 Tiresias,
946 1510 1081 1581 Phineus,
1097 1511 1289 1588 Polymestor,
1309 1511 1453 1589 Polyphe-

506 1611 579 1666 mus,
595 1592 743 1662 Phinidae,
758 1592 929 1670 Thamyras,
946 1592 1137 1652 Demodocus
1153 1590 1331 1669 (259—274).

364 1673 411 1756 (a)
431 1675 525 1752 Aquis
539 1675 633 1733 mersi.

462 1757 552 1833 Ceyx,
567 1755 668 1814 Ulixes
678 1750 855 1834 (275-278).
885 1755 943 1814 His
959 1765 1027 1832 post
1040 1754 1151 1814 addidit
1166 1754 1342 1828 Leandrum,
1355 1754 1454 1814 Comi-

507 1855 584 1907 cum,
599 1835 767 1894 Palinurum
781 1833 958 1914 (589-594).
1001 1836 1080 1895 Nam
1099 1835 1204 1896 Graios
1226 1837 1263 1895 ab
1283 1836 1338 1896 Ilio
1359 1855 1454 1895 reuer-

507 1927 601 1976 tentes
625 1927 654 1975 et
676 1916 798 1975 Aiacem
822 1917 906 1989 Oilei,
925 1935 1103 1995 quamquam
1127 1917 1277 1994 naufragio
1298 1917 1453 1994 perierunt,

507 1998 588 2058 aliter
600 1997 721 2068 induxit,
737 2007 886 2074 tamquam
906 2000 1036 2076 scopulis
1053 1999 1194 2059 laceratos
1208 1999 1256 2058 uel
1273 1999 1335 2074 igni
1349 2000 1454 2075 pariter

509 2089 595 2156 atque
609 2097 686 2156 aqua
700 2079 868 2138 exstinctos.

365 2161 412 2243 (3)
434 2161 538 2222 Cinere
551 2161 599 2220 uel
612 2159 721 2218 harena
734 2159 836 2220 hausti.

468 2241 689 2402 Saqdanapaluq,
701 2241 857 2302 Ammonis
871 2240 972 2319 templi
986 2243 1150 2315 uiolatoreS,
1166 2242 1255 2302 occisi
1269 2262 1287 2301 a
1300 2242 1399 2301 Dareo
1413 2241 1452 2299 11.

523 2325 686 2399 311-316.

365 2404 412 2485 (4)
433 2405 601 2465 Proditione
615 2405 700 2464 caesi.

469 2486 616 2557 Hermias,
635 2485 800 2546 Alexander
816 2486 971 2556 Pheraeus,
988 2486 1094 2545 Aleuas
1109 2483 1260 2546 Larisaeus
1278 2481 1454 2566 (319-324).

365 2568 412 2650 (5)
433 2568 524 2646 Equis
538 2567 651 2645 raptati.

468 2649 657 2727 Eurydamas,
673 2648 795 2720 Hector,
810 2646 950 2707 Limones
965 2648 1077 2706 adulter
1091 2647 1269 2727 (331-33⁶)·

367 2729 412 2811 (6)
433 2731 494 2804 Qui
509 2731 635 2808 scopulis
650 2729 700 2787 fixi
714 2730 761 2788 uel
776 2730 824 2788 icti
838 2729 958 2787 fulmine
971 2730 1002 2787 in
1016 2729 1089 2788 mari
1103 2730 1257 2806 perierunt.

469 2811 540 2871 Grai
554 2813 592 2870 ab
605 2810 670 2882 Ilio,
683 2809 758 2869 Aiax
774 2809 849 2870 Oilei
862 2810 882 2870 f.
897 2808 1074 2888 (339-342).

366 2891 413 2973 (7)
434 2893 542 2953 Insani.

468 2975 544 3033 Aiax
561 2971 732 3032 Telamonis
754 2971 784 3042 i,
803 2969 963 3049 Lycurgus,
984 2972 1137 3045 Hercules,
1156 2972 1308 3040 Athamas,
1328 2971 1454 3041 Orestes,

509 3055 670 3114 Alcmaeon
685 3050 861 3131 (343-348).

368 3135 413 3217 (8)
434 3136 495 3209 Qui
509 3144 627 3216 propter
640 3135 774 3194 mulieres
789 3135 931 3211 supplicia
944 3136 1022 3211 passi
1036 3144 1103 3194 sunt
1117 3132 1249 3213 (349-37
1273 3132 1294 3214 ).

430 3238 457 3278 a.
478 3219 507 3277 A
521 3217 694 3292 coniugibus
709 3216 853 3276 adulteris.
895 3215 1064 3288 Diomedes,
1079 3216 1123 3274 uir
1141 3215 1292 3287 Locridos,
1311 3214 1454 3292 Amphia-

510 3317 585 3369 raus,
600 3299 817 3375 Agamemnon,
832 3297 958 3374 Aegypti
974 3297 1022 3356 filii
1036 3294 1213 3377 (349-356).

429 3380 454 3440 b.
475 3379 597 3457 Propter
610 3381 762 3438 incestum.

511 3458 553 3540 (α)
575 3461 723 3520 Sororum.
762 3458 890 3532 Caunus,
905 3458 1058 3519 Macareus
1072 3457 1154 3536 (357,
1171 3456 1210 3536 8).

511 3540 555 3621 (β)
573 3540 719 3600 Filiarum.
764 3540 917 3617 Thyestes,
933 3540 1064 3617 Cinyras,
1078 3540 1219 3618 Epopeus
1233 3537 1316 3618 (359,
1333 3535 1413 3616 360).

429 3645 452 3684 c.
474 3623 502 3682 A
516 3623 628 3682 filiabus
643 3621 748 3699 proditi
763 3622 928 3681 amantibus
941 3623 1086 3681 inimicos.

511 3704 644 3772 Pterelas,
661 3704 760 3776 Nisus,
775 3702 951 3780 Tarquinius
966 3700 1142 3782 (361-364).

428 3787 455 3846 d.
477 3784 564 3846 Caesi
578 3794 697 3863 propter
712 3802 853 3862 sponsam
866 3803 955 3861 quam
966 3802 1052 3842 cursu
1066 3783 1278 3842 contendentes
1293 3783 1440 3860 petebant.

510 3867 595 3927 Proci
609 3866 836 3942 Hippodamiae,
851 3864 1008 3935 Atalantes,
1024 3883 1149 3942 cumque
1168 3864 1213 3924 his
1234 3865 1405 3924 Oenomaus
1426 3872 1456 3922 et

552 3948 686 4024 Myrtilus
701 3947 832 4026 (365-37
858 3944 879 4025 ).

369 4030 414 4111 (9)
434 4028 495 4103 Qui
507 4030 642 4089 homines
656 4039 806 4105 tamquam
819 4027 954 4086 uictimae
968 4027 1121 4104 perierunt.

471 4111 558 4170 Caesi
576 4129 594 4168 a
607 4110 785 4180 Minotauro,
799 4109 830 4166 in
844 4107 969 4168 Patrocli
983 4109 1093 4180 funere,
1108 4127 1125 4166 a
1141 4106 1280 4184 Sphinge,
1295 4107 1326 4164 in
1345 4106 1455 4183 templo

512 4191 659 4250 Bistoniae
678 4189 838 4260 Mineruae,
857 4207 875 4248 a
891 4188 1045 4249 Diomedis
1064 4189 1154 4266 equis,
1171 4207 1189 4247 a
1209 4188 1456 4248 Therodomantis

510 4272 652 4343 leonibus,
667 4272 697 4330 in
711 4271 852 4330 sacrificio
867 4270 980 4330 Dianae
991 4270 1134 4330 Tauricae
1148 4267 1199 4348 (37
1204 4267 1325 4345 3³384).
1389 4285 1391 4292 ’

348 4352 415 4436 (ιο)
436 4353 522 4415 Circa
535 4351 643 4411 Ulixen
656 4353 706 4428 qui
719 4353 873 4428 perierunt
1022 4373 1024 4376 ·

470 4435 520 4494 Ad
542 4433 667 4510 Scyllam
688 4445 718 4492 et
735 4432 891 4508 Carybdin,
911 4451 929 4491 a
949 4432 1140 4508 Polyphemo,
1162 4452 1179 4491 a
1201 4431 1457 4509 Laestrygonibus,

512 4515 593 4592 proci
607 4514 771 4590 Penelopes
785 4512 949 4593 (385-388,
966 4532 1033 4589 391,
1052 4510 1091 4590 a).
