3312 5200
581 435 928 528 COMMENTARIVS.
1274 448 1330 504 113

180 591 287 646 Vultur
306 610 325 646 a
346 592 445 645 uolatu
466 591 549 645 tarda
569 593 733 645 uomiuatus
748 595 882 660 putatur.
1018 595 1078 648 171.
1104 597 1177 650 lieet
1202 598 1262 650 hao
1287 601 1332 652 sis

173 666 268 716 laude
294 667 449 728 superbus
471 661 658 731 permittentis
682 662 802 730 (Domit.
826 661 1012 730 Calderinus).
1055 664 1177 734 εἰρωνεία.
1223 667 1332 722 Licebit
1404 705 1407 713 -

174 733 225 786 tibi
245 735 301 786 hoc
320 735 420 787 saltem
442 742 470 787 te
492 733 605 800 iactare,
625 733 701 802 quod
723 733 759 787 de
780 742 829 788 tuo
848 749 965 801 corpore
986 734 1044 803 lupi
1067 735 1219 791 decertent.
1267 740 1331 792 Hoc

174 804 306 858 acerbius
325 821 411 874 quam
430 821 494 857 curn
514 805 645 872 Saluagn.
660 802 836 872 interpretari
850 803 995 873 ‘quamuis
1014 805 1140 873 glorieris
1160 804 1240 876 quasi
1259 809 1331 863 tanti

173 873 213 928 sis
240 884 271 928 ut
296 876 341 928 uel
366 883 415 929 tua
436 891 522 928 causa
544 875 668 928 rixentur
690 874 866 928 animantes!
914 875 959 928 An
978 875 1113 930 αἰνίττεται
1136 877 1182 932 hic
1202 879 1331 948 Ouidius,

174 946 321 1014 Luporum
343 945 465 1015 aliquem
486 944 660 1014 respiciens?
808 947 872 1000 172.
898 949 1138 1002 Insatiabilibus
1162 949 1232 1014 ἅπαξ
1256 952 1332 1020 λεγό-

172 1037 251 1083 μενον
270 1015 346 1084 apud
366 1015 509 1069 Ouidium.
580 1019 674 1082 lupis,
688 1016 750 1068 Cat.
763 1014 836 1069 cviii.
850 1015 902 1082 3-6
917 1017 985 1070 Nau
1002 1019 1129 1086 equidem
1146 1019 1243 1073 dubito
1261 1023 1333 1090 quiu

167 1088 303 1155 primum
316 1087 433 1140 im'mica
445 1087 579 1139 botrorum
589 1087 705 1156 Lingua
717 1092 824 1140 exsecta
836 1087 922 1140 auido
934 1089 972 1140 sit
983 1089 1052 1141 data
1062 1090 1199 1157 uulturio,
1208 1091 1333 1160 Effossos

173 1159 269 1210 oculos
288 1163 368 1210 uoret
388 1163 451 1210 atro
467 1163 589 1227 gutture
609 1174 719 1224 coruus,
740 1158 881 1210 Iutestiua
902 1175 990 1224 cauas,
1008 1164 1097 1212 cetera
1119 1161 1241 1214 membra
1259 1163 1330 1232 lupi.

173 1230 238 1282 173.
268 1230 386 1292 Elysiis
411 1233 530 1292 eampis
548 1229 633 1296 Verg.
648 1229 682 1282 G.
696 1226 713 1281 i.
728 1229 770 1295 38.
824 1227 1007 1296 diuersam
1029 1230 1199 1284 contrariam
1221 1243 1331 1301 partem

173 1315 265 1352 uersa
306 1301 338 1352 B.
357 1299 416 1353 Asr.
435 1299 470 1352 68
494 1299 630 1369 oppedum
651 1316 670 1351 a
693 1299 810 1352 Caesare
832 1299 979 1352 diuersum
1003 1308 1203 1356 acromatum.
1254 1304 1331 1359 Salu.

173 1368 245 1422 citat
263 1370 377 1423 Sallust.
391 1371 452 1423 Cat.
468 1381 499 1437 52
523 1370 658 1423 diuerso
678 1369 797 1422 itinere
816 1370 905 1423 malos
923 1388 941 1422 a
959 1369 1037 1423 bonis
1054 1371 1114 1424 loca
1132 1378 1203 1425 tetra
1221 1375 1332 1428 inculta

163 1439 257 1509 foeda
268 1447 354 1509 atque
362 1440 551 1510 formidolosa
563 1440 668 1493 habere.
706 1442 777 1494 Aen.
790 1439 826 1493 vi.
842 1452 889 1507 541
910 1441 1043 1508 Dextera,
1057 1459 1128 1510 quae
1140 1444 1220 1510 Ditis
1232 1446 1335 1515 magui

172 1511 225 1562 sub
244 1513 354 1564 moenia
372 1513 469 1579 tendit,
488 1513 555 1564 Hac
571 1512 628 1564 iter
637 1510 771 1580 Elysium
789 1511 886 1565 uobis:
904 1517 936 1563 at
950 1512 1034 1564 laeua
1052 1514 1193 1566 malorum
1211 1513 1334 1569 Exercet

168 1585 279 1650 poenas
290 1587 318 1635 et
329 1583 369 1635 ad
377 1585 469 1651 impia
485 1583 609 1636 Tartara
622 1583 718 1635 mittit.
801 1585 864 1637 175.
885 1581 1050 1635 Simillimus
1063 1594 1106 1636 est
1119 1585 1198 1637 locus
1210 1585 1330 1639 Axiochi

173 1665 227 1719 372
235 1651 360 1722 ''Ayourat
372 1655 437 1722 πρὸς
445 1651 567 1722 Ἐρινύων
579 1650 619 1705 ἐπ’
628 1653 719 1722 ἔρεβος
731 1652 771 1704 καὶ
784 1652 848 1720 χάος
858 1651 899 1705 διὰ
909 1653 1050 1722 Ταρτάρου,
1061 1654 1120 1706 ἔνθα
1133 1659 1218 1724 χῶρος
1228 1655 1333 1720 ἀσεβῶν

172 1723 215 1774 καὶ
230 1719 388 1778 Δαναΐδων
400 1723 519 1793 ὑδρεῑαι
532 1723 653 1777 ἀτελεῖς
665 1721 706 1774 καὶ
717 1723 980 1792 Ταντάλουρδίψος
993 1723 1032 1776 καὶ
1044 1728 1153 1777 Τιτυοῦ
1167 1726 1332 1794 σπλάγχνα

172 1795 215 1845 καὶ
230 1793 372 1862 Σισύφου
385 1793 495 1865 πέτρος
512 1793 662 1861 ἀνήνυτος,
676 1791 706 1845 οὗ
718 1795 750 1846 τὰ
763 1792 875 1863 τέρματα
893 1789 966 1848 αὖθις
978 1792 1084 1862 άρχεται
1095 1797 1187 1860 πόνων,
1201 1805 1229 1850 et
1243 1795 1331 1865 ipsius

174 1865 246 1918 Met.
261 1864 295 1918 iv.
309 1865 440 1933 455-462.
513 1869 576 1920 175.
595 1867 789 1928 uoluensque
801 1870 972 1929 petensque
984 1881 1095 1918 sursum
1108 1882 1211 1934 urgens
1224 1877 1252 1920 et
1265 1885 1332 1922 mox

172 1951 348 2004 persequens
362 1936 526 1990 deuolutum
540 1937 579 1988 M.
595 1934 628 1988 iv.
643 1947 696 2002 459
708 1935 773 1987 Aut
786 1937 862 2004 petis
874 1941 927 1988 aut
937 1953 1022 2017 urges
1033 1938 1189 2004 ruiturum,
1204 1939 1332 2008 Sisyphe,

172 2023 286 2074 saxum,
295 2007 349 2060 Od.
360 2007 395 2060 xi.
409 2006 538 2076 593-600.
601 2009 665 2061 176.
685 2009 808 2070 Quique
820 2009 926 2071 agitur
937 2008 1024 2061 Ixion.
1036 2009 1076 2061 M.
1085 2007 1119 2061 iv.
1130 2008 1184 2073 46ο
1199 2009 1334 2062 Voluitur

172 2077 260 2129 Imbu
273 2083 300 2130 et
310 2095 339 2131 se
349 2079 530 2146 sequiturque
533 2077 677 2147 fugitque.
750 2081 812 2132 177.
831 2082 990 2142 perituras
1002 2094 1157 2147 numquam
1166 2078 1331 2147 impleturas
1401 2111 1446 2121 ·=

174 2147 283 2200 dolium
296 2165 361 2201 cum
376 2165 488 2217 semper
497 2149 595 2219 fundo
608 2152 729 2217 pereant
746 2149 803 2202 ium
823 2150 892 2201 Hor.
908 2150 938 2202 C.
955 2148 993 2202 iii.
1006 2161 1048 2216 27,
1069 2151 1108 2202 M.
1123 2149 1159 2204 iv.
1172 2150 1222 2214 461
1243 2152 1333 2205 Moli·

172 2219 256 2286 rique
267 2221 328 2272 suis
338 2220 426 2272 letum
440 2219 620 2288 patruelibus
633 2236 700 2271 ause
711 2219 835 2273 Assidue
846 2222 983 2288 repetunt,
997 2236 1068 2288 quas
1075 2221 1207 2288 perdant,
1220 2221 1332 2275 Belides

173 2289 275 2342 undas.
377 2292 439 2344 179.
459 2292 638 2354 praesentia
655 2293 778 2353 quaerit
797 2306 861 2343 cum
875 2291 968 2343 Burm.
983 2307 1033 2358 per
1051 2289 1204 2344 antithesin
1224 2290 1331 2346 dictum

173 2359 278 2426 habeo,
290 2359 362 2414 sicut
381 2361 500 2430 Semper
509 2365 576 2430 eget,
588 2364 697 2429 semper
707 2361 838 2414 abundat.
877 2361 993 2413 Frustra
1010 2364 1134 2423 quaerit
1148 2377 1221 2430 quae
1234 2371 1331 2416 tamen

173 2446 233 2482 non
246 2431 358 2497 absunt,
371 2431 422 2484 sed
436 2448 521 2499 supra
535 2440 620 2499 caput
638 2430 763 2498 pendent
781 2440 927 2499 tamquam
946 2430 975 2484 in
993 2447 1094 2484 manus
1112 2430 1186 2484 illico
1203 2443 1329 2487 uentura.

176 2501 216 2553 M.
232 2500 266 2556 iv.
280 2502 333 2569 456
356 2502 426 2569 Tibi,
444 2502 471 2555 T
467 2502 570 2568 autale,
590 2501 687 2554 uullae
704 2502 932 2570 Depreuduntur
948 2517 1044 2568 aquae,
1060 2518 1185 2569 quaeque
1202 2503 1331 2570 inminet,

173 2571 378 2641 effugztarbor.
412 2572 465 2626 Od.
480 2572 516 2626 xi.
532 2573 659 2641 582-592.
722 2575 783 2624 181.
803 2575 1032 2636 Iugeribusque
1044 2587 1158 2624 nouem
1173 2574 1212 2624 M.
1228 2571 1264 2625 iv.
1277 2573 1331 2641 456

174 2645 231 2705 qui
244 2641 343 2710 Tityos
357 2647 455 2697 distat
471 2658 614 2696 summus
630 2646 671 2696 ab
683 2645 747 2695 imo
760 2642 797 2696 ab
810 2642 868 2696 ima
884 2651 963 2710 parte
981 2641 1106 2710 corporis
1123 2641 1161 2695 ad
1180 2659 1330 2711 summam,

174 2713 252 2780 quod
267 2713 387 2767 Horatio
401 2723 443 2767 est
456 2715 491 2766 ab
502 2715 559 2765 imo
571 2713 624 2766 Ad
632 2730 774 2766 summum
789 2714 818 2767 S.
831 2712 858 2767 ii.
873 2727 897 2780 3.
909 2713 968 2780 308.
1023 2715 1089 2766 182.
1109 2716 1254 2766 assiduae
1267 2718 1328 2768 aui

174 2782 238 2837 Tib.
253 2782 270 2837 i.
285 2798 308 2851 3.
323 2784 357 2850 76
375 2785 578 2852 Porrectusque
594 2801 693 2836 nouem
711 2784 810 2851 Tityus
823 2788 879 2853 per
891 2785 991 2853 iugera
1006 2788 1099 2836 terrae
1110 2784 1253 2836 Assiduus
1267 2791 1331 2838 atro

174 2855 280 2906 uzscere
296 2857 391 2924 pascit
408 2873 483 2908 aues.
521 2857 606 2908 Mart.
627 2856 719 2923 Spect.
734 2853 809 2908 viia
831 2856 988 2907 Assiduum
1009 2855 1098 2907 uimio
1114 2858 1226 2924 pectore
1243 2853 1333 2924 pauit

174 2941 265 2978 auem.
291 2925 418 2994 Zingerle
430 2925 565 2979 Martial's
577 2925 860 3010 Ouid-studienp.17.
881 2928 988 2978 debita
995 2924 1056 2994 lege
1064 2941 1182 2993 poenae.
1200 2930 1331 2990 praebet

149 3049 157 3054 ,
174 2995 310 3049 lanianda
323 3001 377 3050 aui
391 2996 521 3050 uulturio.
559 2996 612 3050 Od.
626 2995 661 3049 xi.
678 3009 727 3064 577
747 2999 760 3048 ὁ
774 2996 789 3048 δ
808 2995 848 3050 ἐπ’
862 2995 934 3049 ε’ννέα
948 2998 1016 3048 κεῖτο
1028 2995 1152 3065 πέλεθρα,
1165 2999 1233 3049 Γῦπε
1246 2997 1275 3049 δέ
1287 3019 1331 3065 μιν

160 3087 163 3091 ·
173 3066 295 3135 Ιἑκάτερθε
311 3067 448 3134 παρημένω
466 3066 534 3136 ἧπαρ
552 3067 649 3137 ἔκειρον
667 3066 780 3136 Δέρτρον
798 3067 851 3120 ἔσω
871 3065 996 3120 δύνοντες.
1096 3069 1163 3120 184.
1182 3083 1330 3122 numeros

175 3135 315 3204 integram
338 3155 479 3192 summam
499 3138 562 3191 ‘the
581 3137 630 3190 full
652 3139 797 3205 measure,'
816 3136 1026 3205 ‘proportions’
1061 3139 1124 3191 Am.
1140 3137 1166 3190 ii.
1180 3138 1206 3192 6.
1219 3153 1255 3203 4ο
1271 3139 1330 3191 Ima

169 3208 429 3278 plenturuumeris
440 3210 579 3262 deteriora
590 3209 659 3261 suis.
692 3210 760 3261 Her.
770 3208 804 3261 iv.
815 3209 848 3261 88
867 3209 967 3261 Veneri
977 3225 1107 3262 uumerus
1118 3210 1255 3278 eripuisse
1266 3227 1332 3263 suas

174 3277 222 3330 ubi
236 3280 271 3332 A.
286 3281 398 3333 Palmer
409 3280 489 3333 affert
504 3281 544 3333 M.
558 3278 573 3331 i.
588 3291 640 3344 427
653 3280 791 3347 quaedam
809 3280 962 3350 z'uperficta
978 3281 1091 3348 suisque
1107 3280 1221 3333 Trunca
1233 3281 1333 3334 ut'deut

175 3351 308 3404 numeris.
417 3352 483 3417 185,
497 3353 523 3403 6.
544 3349 622 3402 ‘The
642 3349 765 3403 seconde
784 3347 915 3417 shal'thy
933 3360 1013 3404 toern
1033 3349 1144 3404 limmes
1163 3351 1280 3405 commit
1300 3361 1330 3405 to

175 3429 304 3488 serpents
318 3420 375 3474 ire:
395 3422 456 3474 The
469 3419 545 3474 third
557 3421 607 3488 thy
620 3420 682 3474 sace
702 3421 831 3488 bemoyst
844 3419 910 3472 with
924 3429 1015 3474 teares
1034 3422 1105 3474 shall
1124 3432 1185 3475 cast
1204 3421 1263 3475 into
1281 3423 1330 3476 the

175 3490 242 3544 lire'
267 3493 299 3544 T.
314 3491 504 3544 Vnderdown.
647 3495 712 3544 185.
733 3497 834 3544 sectos
853 3494 941 3544 dabit
960 3492 1078 3544 tortasse
1097 3491 1114 3545 i.
1128 3509 1155 3561 q.
1169 3492 1284 3560 secabit,
1299 3502 1330 3546 ut

173 3561 317 3631 defensum
335 3562 410 3615 debit
427 3579 477 3630 pro
495 3562 622 3632 desendet
639 3563 710 3616 Aen.
728 3561 773 3616 xii.
787 3574 848 3628 437,
867 3567 950 3614 uasta
968 3561 1037 3614 dabo
1055 3578 1106 3629 pro
1125 3564 1241 3615 uastabo
1259 3565 1329 3618 Aen.

175 3630 211 3684 ix.
224 3646 295 3699 3233
314 3633 348 3685 ci.
370 3635 540 3686 Munronem
562 3633 600 3687 ad
622 3634 703 3686 Lucr.
722 3631 756 3686 iv.
776 3647 818 3697 41.
924 3635 989 3687 186.
1013 3633 1173 3686 firmantes
1194 3650 1245 3701 per
1265 3650 1329 3701 pro-

174 3702 274 3770 lepsin,
297 3713 326 3757 ut
345 3704 461 3758 sument.
506 3707 653 3768 incoquet
673 3707 747 3768 igne
767 3702 893 3770 ε’πιμόνως
913 3705 1028 3772 πυρώσει
1049 3701 1167 3756 Axioch.
1188 3716 1238 3769 372
1259 3703 1329 3756 ‘will

173 3775 259 3827 chari
366 3777 433 3828 188.
454 3779 490 3828 in
513 3790 631 3838 poenas
655 3777 838 3839 ingeniosus
862 3782 951 3825 totam
976 3771 1034 3825 uim
1058 3771 1163 3840 ingenii
1189 3773 1329 3827 exercebit

174 3844 212 3898 ad
237 3861 313 3914 noua
336 3844 473 3914 supplicia
498 3844 699 3898 inueniendum
724 3843 794 3897 ‘will
816 3844 934 3897 exhaust
955 3841 999 3896 his
1022 3843 1104 3910 fancy
1123 3853 1152 3896 to
1172 3842 1230 3896 find
1252 3860 1328 3910 ways

174 3915 207 3968 of
227 3915 396 3984 punishing.’
444 3915 528 3970 Trist.
551 3915 577 3969 ii.
601 3930 651 3983 342
673 3916 764 3984 Juque
788 3931 863 3967 meas
881 3918 988 3983 poeuas
1012 3913 1205 3982 ingeniosus
1230 3929 1328 3968 eram.

174 3985 256 4054 ‘Thy
268 3986 362 4039 sinsull
380 3987 463 4055 ghost
483 4004 500 4041 a
519 3986 661 4041 thousand
674 4003 775 4053 wayes,
789 3986 861 4038 shall
877 3987 944 4039 then
957 3985 992 4038 be
1011 3994 1061 4053 put
1080 3994 1109 4038 to
1128 4000 1238 4052 payne:
1261 3985 1329 4037 And

174 4058 286 4110 Aeacus
299 4066 329 4109 to
348 4056 451 4124 punish
469 4059 543 4124 thee,
557 4058 629 4110 shall
648 4057 747 4111 search
767 4056 810 4110 his
830 4056 933 4110 skilsull
951 4056 1072 4123 brayne’
1091 4057 1124 4107 T.
1138 4054 1327 4108 Vnderdown.

174 4130 241 4180 189.
259 4131 450 4181 transcribet
468 4128 616 4182 transferet
631 4130 671 4182 M.
684 4127 729 4181 vii.
748 4140 804 4195 173,
823 4130 893 4181 Aen.
908 4127 954 4180 vii.
967 4141 1028 4192 422.
1067 4125 1181 4194 Proprie
1195 4125 1328 4179 dicebant

173 4198 359 4251 trauscm'bere
370 4215 473 4267 agrum
478 4199 607 4267 fundum
617 4200 774 4268 pecuniam.
839 4201 899 4250 191.
918 4200 1093 4251 reuolubile
1106 4196 1182 4264 apud
1192 4194 1328 4248 Ouidium

173 4268 218 4320 ὅτι.
231 4270 371 4336 λεγόμενον
383 4269 537 4322 reuolubile
547 4287 649 4322 samem
663 4269 712 4323 Sil.
726 4267 761 4322 xi.
774 4269 826 4334 476
840 4268 875 4321 de
888 4268 989 4321 eodem
1003 4267 1133 4336 Sisypho
1203 4270 1328 4331 pondus

174 4356 273 4392 saxum
293 4339 369 4410 quod
388 4340 446 4393 sato
466 4357 578 4409 semper
596 4339 738 4394 relabitur.
870 4341 934 4393 194.
962 4342 1185 4401 inconsumpto
1205 4338 1287 4391 Pont.
1310 4337 1328 4392 i.

174 4425 198 4464 2.
212 4425 255 4475 41.
328 4413 392 4463 195.
411 4413 516 4465 huius.
554 4411 617 4464 ‘No
631 4412 712 4464 other
724 4410 810 4464 death
829 4409 890 4462 shal
909 4409 982 4462 ende
995 4409 1043 4462 the
1061 4425 1178 4477 payneS,
1191 4409 1252 4461 that
1271 4407 1327 4462 this

173 4480 260 4534 death
273 4480 387 4549 bringes
399 4491 429 4535 to
442 4482 525 4535 thee:
545 4483 621 4535 Vnto
636 4483 685 4536 the
703 4481 805 4549 griefes
824 4480 885 4533 that
903 4481 971 4533 thou
991 4480 1064 4533 shalt
1083 4481 1164 4545 have,
1177 4496 1214 4532 no
1233 4480 1329 4532 hower

173 4551 227 4606 last
249 4552 322 4607 shall
344 4552 395 4607 be'
416 4554 448 4608 T.
469 4553 657 4608 Vnderdown.
708 4553 814 4605 Locum
840 4549 965 4605 imitatus
987 4561 1030 4606 est
1054 4549 1193 4605 Martialis
1216 4569 1240 4604 x.
1257 4563 1279 4618 5.
1297 4563 1327 4617 13

743 4637 756 4684 I
