3312 5200
538 441 546 464 ⁸
594 453 944 522 continuimus.
982 459 986 470 ¹
1287 445 1345 522 isi

191 617 326 688 Excemt.
340 630 382 686 32.
396 629 440 686 25,
453 616 500 688 qui
519 617 604 673 tradit
623 617 696 674 inter
714 627 822 673 statuas
839 616 969 673 inuentos
988 614 1159 688 Carthagine
1171 615 1258 673 fuisse
1270 617 1346 674 hunc

191 698 313 757 taurum,
336 688 382 742 Ἐν
400 690 428 742 δὲ
445 686 546 743 τούτοις
563 689 662 759 ὑπῆρχε
681 691 926 759 salomonique
949 693 1043 757 ταῦρος
1066 689 1096 756 ἐξ
1114 691 1295 780 Ἀκράγαντος,
1317 687 1347 742 ὃν

191 760 388 814 κατασκευάσας
408 758 536 826 Περίλαος
557 759 682 828 Φαλάριδι
701 759 737 830 τῷ
757 758 877 826 τυράννω,
897 760 937 812 καὶ
958 765 1060 825 πρῶτος
1080 760 1126 828 τὴν
1150 760 1282 827 απόδειξιν
1302 762 1347 827 τῆς
1434 770 1437 776 ’

191 829 258 884 ἰδίας
271 830 362 898 τέχνης
373 831 402 883 ἒν
413 830 445 897 τῇ
457 829 511 884 καθ
524 829 601 884 αὑτὸν
612 830 719 900 τιμωρίᾳ
731 830 832 885 δικαίως
848 813 981 906 θπομείναι
996 831 1114 900 ἀνῃρέθη.
1185 833 1256 886 438.
1275 847 1347 885 oon·

190 904 340 955 ueniente
360 900 424 954 Am.
447 899 464 955 i.
490 915 512 956 r.
534 916 549 955 2
572 903 693 955 materia
713 902 892 955 conueniente
913 902 1010 956 modes.
1100 904 1171 956 439.
1190 903 1346 956 Ρὴολοςία.

191 971 339 1025 Bentleius
358 972 396 1024 ad
415 972 494 1026 Phal.
513 987 540 1040 p.
554 985 607 1037 ²40
622 971 666 1026 ed
682 974 763 1041 Dyce
781 973 867 1026 allato
883 973 982 1042 fragm.
1002 971 1162 1026 Heraclidis
1177 971 1286 1026 Pontici
1301 975 1346 1040 (37

192 1043 306 1110 Miiller,
318 1044 429 1111 Fragm.
442 1041 516 1096 Hist.
529 1043 630 1096 Graec.
641 1041 669 1095 ii.
681 1060 708 1111 p.
719 1042 783 1110 223)
791 1040 889 1112 Ὄνπερ
902 1045 916 1094 ὁ
929 1043 1008 1108 δῆμος
1020 1043 1205 1110 ἐτιμωρήσατο·
1220 1043 1347 1110 ἐνέπρησε

191 1111 221 1164 δὲ
240 1112 289 1165 καὶ
307 1112 353 1180 τὴν
366 1113 462 1186 μητέρα
481 1113 522 1165 καὶ
537 1113 597 1167 τοὺς
611 1113 714 1182 φίλους,
727 1122 824 1168 censet
839 1112 1010 1168 Heracliden
1026 1113 1201 1182 significasse
1215 1112 1346 1167 Phalarin

191 1181 287 1251 ipsum
300 1181 329 1236 in
342 1193 422 1238 tauro
440 1199 491 1237 suo
508 1183 687 1237 combustum
721 1184 941 1238 uemadmodum
954 1193 1045 1239 mater
1057 1184 1117 1238 eius
1130 1194 1158 1240 et
1172 1182 1255 1238 amici
1269 1183 1298 1237 in
1311 1200 1346 1238 eo

190 1253 361 1322 periisseut3
386 1255 441 1308 hoc
465 1252 542 1308 enim
566 1255 638 1308 uelle
660 1200 789 1308 additum
814 1256 870 1310 κοί.
915 1255 973 1308 Sed
996 1271 1136 1324 nusquam
1160 1254 1230 1309 alias
1256 1255 1285 1308 id
1306 1253 1347 1308 ui·

191 1324 275 1378 detur
286 1324 430 1379 traditum.
500 1331 622 1380 roseata
638 1324 751 1379 abscisa
767 1334 798 1379 ut
816 1326 884 1394 538:
904 1324 945 1379 sic
957 1342 1077 1379 resecare
1093 1327 1210 1396 capillos
1224 1325 1345 1380 barbam.

189 1397 264 1450 440.
283 1398 373 1449 More
390 1399 492 1449 botris.
529 1398 599 1451 Met.
613 1395 630 1449 i.
643 1408 694 1463 745
708 1412 742 1449 ne
758 1412 835 1449 more
851 1397 984 1450 iuuencae
1000 1396 1126 1465 Mugiat.
1165 1396 1214 1450 Sil.
1227 1395 1280 1450 xiv.
1294 1410 1347 1462 214

191 1465 228 1518 de
247 1475 328 1520 tauro
346 1465 504 1521 Phalaridis
521 1466 576 1520 Jlle
594 1467 644 1519 ubi
658 1472 779 1520 torreret
794 1467 923 1520 subrectis
937 1470 1055 1536 corpora
1062 1467 1195 1535 flammis
1211 1467 1349 1520 Mutabat

185 1538 314 1606 gemitus
325 1538 487 1608 mugitibus,
500 1543 616 1606 actaque
631 1553 715 1590 ueras
728 1537 843 1592 Credere
858 1543 921 1591 erat
935 1537 1054 1591 stabulis
1067 1542 1197 1590 armenta
1208 1538 1348 1606 effundere

191 1623 278 1662 uoces.
333 1610 456 1672 Paphio
468 1624 519 1677 pro
534 1609 637 1677 Cupm'o
649 1607 772 1677 positum
790 1617 886 1662 censet
905 1607 1080 1677 Saluagnius.
1119 1609 1196 1661 Nam
1209 1610 1239 1661 iu
1253 1609 1347 1677 Cypro

185 1679 288 1748 prima
306 1680 381 1732 aeris
398 1679 525 1732 iuuentio
547 1678 628 1746 (Plin.
650 1679 688 1733 li.
709 1679 744 1732 N.
764 1678 852 1732 xxxiv.
873 1677 913 1748 2),
932 1689 960 1733 et
981 1694 1107 1731 aerosum
1128 1679 1348 1747 appellauemmt

190 1749 309 1817 antioui
325 1750 449 1802 insulam
470 1749 603 1819 Cyprum,
623 1749 701 1819 quod
718 1751 749 1802 iu
770 1766 803 1802 ea
820 1750 982 1819 plurimum
1004 1751 1078 1802 aem's
1098 1754 1235 1804 nascatur
1255 1749 1346 1818 (Paul.

190 1835 218 1887 p.
232 1834 268 1872 zo
283 1820 405 1888 Miiller).
449 1819 579 1890 lnscript.
592 1820 676 1890 Argis
692 1829 804 1889 reperta
819 1819 922 1874 Kaibel
935 1820 995 1886 846.
1009 1832 1059 1889 3-5
1076 1819 1135 1885 Εἰμὶ
1148 1820 1176 1872 δὲ
1190 1820 1345 1888 Νικοκρέων,

190 1889 293 1958 θρέψεν
310 1890 341 1943 δέ
357 1912 389 1959 με
407 1891 627 1961 γᾶπερίκλυστος
645 1889 743 1960 Κύπρις
759 1890 898 1944 θειοτάτων
910 1892 937 1943 ἐκ
951 1892 1085 1961 προγόνων
1096 1891 1206 1957 βασιλῆ.
1243 1892 1346 1945 Στᾶσαν

190 1959 213 2012 d'
226 1957 341 2030 Ἀργεῖοί
356 1982 388 2029 με
404 1961 495 2030 χάριν
506 1962 638 2031 χαλκοῖο
655 1962 764 2016 risores:
784 1978 852 2015 nam
866 1961 1026 2016 Nicocreon
1042 1977 1113 2016 uasa
1129 1977 1219 2015 aenea
1230 1959 1344 2031 Argiuis

190 2031 378 2085 certaminum
405 2031 532 2100 praemia
560 2031 676 2087 miserat
703 2031 838 2101 (Kaibel).
885 2033 978 2087 Omne
1005 2049 1054 2086 aes
1081 2031 1215 2101 Cyprium
1239 2032 1344 2086 ductile

189 2101 278 2156 fuisse
297 2101 382 2157 tradit
402 2101 509 2157 Plinius
527 2103 617 2158 xxxiv.
634 2118 677 2173 94.
716 2103 756 2157 Cf.
778 2104 845 2171 Lyc.
862 2103 923 2169 484.
1029 2106 1187 2158 44Leeu1
1205 2106 1345 2158 melioris

190 2170 332 2227 iuuentae.
368 2171 452 2228 Trist.
471 2172 507 2228 iv.
528 2188 567 2228 10.
586 2189 620 2242 93
644 2175 708 2227 Iam
730 2173 804 2227 milri
822 2175 939 2228 canities
960 2174 1053 2242 pulses
1076 2174 1237 2227 melion'bus
1260 2175 1346 2227 aunis

195 2243 322 2297 Venerat.
458 2246 783 2300 442.Adm0t1sooer
802 2244 902 2300 Pelias.
941 2246 1017 2313 Hyg.
1031 2259 1065 2310 24
1079 2245 1148 2313 Ipsa
1164 2243 1293 2310 (Medea)
1307 2245 1349 2298 od

190 2314 288 2367 Pelias
296 2315 381 2383 filias
394 2317 450 2384 pro
465 2316 603 2369 sacerdote
614 2317 728 2369 Dianae
743 2317 841 2370 uenit:
857 2317 898 2369 eis
908 2316 1063 2385 pollicetur
1075 2331 1104 2367 se
1115 2318 1229 2384 patrem
1245 2332 1344 2368 earum

191 2385 294 2438 Pelian
305 2402 343 2438 ex
351 2401 414 2438 seue
425 2387 554 2438 iuuenem
558 2387 717 2456 secturam.
749 2387 783 2440 id
791 2387 860 2457 quia
872 2385 1017 2440 Alcestis
1031 2385 1135 2439 maior
1148 2384 1215 2446 fiiia
1227 2389 1346 2456 erogauit

182 2455 256 2525 fieri
261 2459 350 2524 posse,
360 2456 462 2509 Medea
474 2458 657 2528 quosacilius
668 2474 729 2510 eam
737 2458 903 2527 perduceret
914 2456 954 2510 ad
963 2473 1044 2509 suam
1058 2457 1233 2509 uoluntatem
1244 2457 1343 2527 caligi-

190 2542 254 2578 nem
267 2529 307 2579 eis
321 2526 424 2594 obiecit,
437 2532 465 2580 et
481 2544 518 2580 ex
532 2530 647 2581 uenenis
664 2528 756 2583 multa
773 2529 913 2581 miracula
922 2528 1002 2596 secit,
1016 2544 1087 2596 quae
1105 2527 1274 2581 uerisimilem
1288 2544 1345 2581 esse

190 2597 360 2650 uiderentur
374 2599 543 2666 ametemque
559 2600 687 2652 uetulum
705 2600 737 2653 in
755 2615 857 2652 aenum
873 2600 994 2666 coniecit,
1008 2599 1082 2651 uude
1094 2613 1191 2721 ἀραιά
1204 2598 1344 2666 pulcerri-

191 2683 254 2720 mus
261 2668 429 2738 prosiluisse
441 2669 522 2722 uisus
532 2674 579 2722 est.
607 2671 753 2740 eodemque
764 2670 844 2723 modo
856 2669 992 2736 Peliades,
1003 2669 1087 2722 idest
1125 2669 1216 2722 laestis
1225 2669 1344 2738 Pelopia

190 2738 314 2791 Medusa
322 2738 444 2792 Pisidiae
451 2739 621 2809 Hippothoe,
630 2741 747 2794 Medeae
758 2740 875 2810 inpulsu
882 2743 996 2810 patrem
1004 2757 1088 2792 neum
1100 2741 1218 2794 occisum
1230 2740 1262 2791 in
1274 2755 1344 2793 aeuo

190 2813 334 2863 coxerunt.
390 2811 553 2874 decipiare.
581 2811 710 2881 Plerique
721 2811 850 2865 Peliades
859 2828 916 2864 non
926 2810 1023 2864 Pelian
1031 2810 1182 2879 deceptum
1191 2809 1343 2878 tradidere,

190 2878 324 2948 Apollod.
337 2878 355 2934 i.
368 2893 394 2948 9.
407 2892 449 2946 27,
470 2882 553 2935 Paus.
569 2880 625 2935 viii.
642 2897 681 2935 ιι.
696 2895 721 2950 2,
741 2881 825 2936 Ouid.
841 2884 880 2936 M.
894 2879 939 2936 vii.
954 2896 1014 2949 310,
1028 2895 1088 2948 323,
1108 2882 1174 2935 Sen.
1189 2880 1266 2934 Med.
1280 2881 1343 2946 478.

192 2949 251 3003 Sed
261 2949 404 3004 Diodorus
414 2950 461 3018 (iv.
472 2952 542 3019 51)a
554 2951 662 3020 uulgari
671 2952 767 3006 fabula
779 2952 954 3023 aliquantum
967 2951 1117 3006 discedens
1127 2950 1195 3005 dicit
1207 2951 1342 3006 Medeam

192 3019 288 3074 Peliae
298 3021 480 3089 persuasisse,
490 3033 521 3076 ut
534 3023 660 3077 crederet
670 3022 794 3078 Dianam
807 3021 904 3078 ineius
915 3023 998 3077 sedes
1011 3033 1157 3093 tamquam
1170 3021 1341 3076 sanctissimi

191 3090 319 3154 omnium
338 3108 436 3160 regum
458 3092 617 3161 aduenisse,
636 3093 690 3147 sibi
712 3103 807 3148 autem
829 3093 913 3148 deam
935 3094 1087 3148 mandasse
1112 3102 1142 3147 ut
1166 3102 1342 3148 senectutem

192 3161 288 3215 Peliae
298 3161 432 3230 potentiis
443 3163 612 3232 quibusdam
622 3163 756 3233 abigeret,
767 3181 885 3234 quarum
895 3163 953 3218 uim
966 3182 1030 3219 cum
1043 3181 1094 3234 per
1103 3163 1145 3218 sui
1155 3163 1341 3218 mutationem

191 3248 226 3285 ex
239 3249 310 3286 anus
323 3233 418 3300 specie
431 3232 459 3286 in
473 3232 611 3303 uirginem
621 3245 815 3304 monstrasset,
825 3253 891 3289 mox
903 3235 1036 3305 priuatim
1046 3234 1189 3289 monuisse
1201 3234 1298 3288 Pelian
1311 3243 1342 3289 ut

191 3301 220 3354 in
234 3319 336 3357 manus
349 3320 380 3357 se
393 3303 512 3357 filiarum
525 3306 657 3360 traderet.
695 3316 755 3360 tum
769 3305 898 3360 Peliades
912 3323 962 3376 per
974 3306 1092 3360 arietem
1105 3306 1218 3360 delusas
1231 3315 1341 3375 patrem

192 3372 316 3442 sopitum
346 3374 513 3444 concidisse,
538 3386 650 3445 praeter
679 3393 766 3431 unam
790 3377 924 3431 Alcestin.
952 3376 1123 3430 Huiusmodi
1150 3376 1341 3430 narrationem

192 3443 329 3498 Ouidium
341 3445 388 3498 hic
401 3455 529 3499 secutum
541 3447 645 3501 credo:
665 3464 838 3517 quamquam
850 3451 1008 3512 decipiare
1026 3447 1112 3501 etiam
1132 3445 1172 3500 sic
1189 3445 1285 3500 licebit
1300 3445 1341 3499 in-

191 3513 348 3584 terpretari,
361 3525 392 3570 ut
405 3515 535 3571 Peliades
554 3518 631 3588 quod
650 3518 709 3572 fieri
728 3535 812 3588 posse
827 3519 949 3572 Medeae
961 3517 1115 3572 credebant
1132 3517 1208 3576 idem
1227 3534 1342 3586 persua·

191 3585 280 3640 serint
292 3585 375 3655 patri.
489 3590 559 3642 443.
580 3604 674 3652 eques
686 3599 716 3643 ut
731 3588 851 3656 Curtius,
864 3589 900 3646 de
914 3605 970 3658 quo
982 3588 1085 3656 duplex
1097 3586 1216 3642 historia
1228 3597 1342 3642 narrata

189 3665 235 3710 est
245 3673 264 3709 a
272 3657 400 3711 Varrone
411 3658 442 3712 L.
452 3658 483 3712 L.
492 3676 517 3713 v.
529 3659 578 3725 148
585 3659 613 3712 A
625 3660 750 3715 Procilio
759 3660 889 3726 relatum,
900 3660 931 3712 in
940 3676 970 3712 eo
980 3660 1037 3712 loco
1045 3657 1151 3712 dedisse
1159 3663 1266 3711 terram
1276 3663 1303 3711 et
1311 3658 1347 3712 id

188 3728 263 3781 exS.
272 3728 388 3782 Comad
393 3730 535 3799 aruspices
543 3731 665 3783 relatum
674 3747 746 3794 esse,·
757 3734 919 3800 responsum
928 3729 1010 3783 mum
1020 3729 1343 3799 Maniumpostilionem
1367 3741 1370 3749 ⁴

186 3798 336 3868 postulare
347 3799 384 3866 ed,
397 3800 487 3853 ciuem
490 3801 686 3870 fortissimum
696 3818 727 3854 eo
737 3800 855 3854 demitti.
886 3806 947 3854 tum
960 3800 1097 3868 quendam
1109 3800 1240 3854 Curtium
1252 3800 1343 3852 ciuem

183 3868 292 3939 sortem
305 3875 449 3923 armatum
462 3872 615 3925 ascendisse
625 3873 658 3925 in
671 3888 773 3941 equum
791 3877 818 3925 et
832 3889 850 3924 a
864 3871 1018 3925 Concordia
1030 3886 1143 3924 uersum
1155 3887 1218 3924 cum
1230 3885 1300 3938 equo
1312 3885 1343 3923 eo

187 3940 411 4009 praecipitatum
416 3959 433 4004 ,·
452 3958 483 3994 ea
491 3942 574 4011 fruto
585 3942 676 3996 locum
688 3943 772 3996 cor'sse
783 3948 868 4012 atque
878 3943 939 3996 eius
950 3946 1051 4011 corpus
1062 3942 1204 3995 diuim'tus
1213 3939 1344 3993 humasse

191 4026 226 4063 ac
242 4011 389 4079 reliquisse
402 4013 487 4082 genti
501 4028 569 4066 suae
587 4019 806 4069 monumentum.
846 4027 903 4080 149.
922 4013 990 4066 Piso
1009 4014 1041 4066 in
1056 4011 1221 4065 Annalibus
1237 4010 1342 4078 seruiit,

191 4080 299 4133 Sabino
311 4081 380 4134 bello
391 4082 469 4150 quod
471 4082 539 4153 suit
549 4085 670 4137 Romulo
681 4090 709 4138 et
724 4085 752 4136 T
747 4086 813 4152 atro,
827 4084 1122 4154 uirumsortissimum
1134 4083 1258 4135 Metium
1272 4081 1343 4134 Cur·

191 4153 266 4205 tium
279 4152 426 4220 Sabinum,
439 4169 522 4222 quom
534 4155 674 4208 Romulus
689 4171 753 4208 cum
764 4156 872 4208 sussex
881 4156 1025 4224 superiore
1037 4157 1123 4223 parte
1135 4153 1343 4222 impressionem

182 4222 304 4291 fecisset,
315 4223 447 4277 Curtium
456 4225 488 4277 in
497 4225 588 4278 locum
593 4227 760 4294 palustrem,
769 4227 887 4295 quitum
889 4225 955 4295 suit
961 4226 1068 4296 insero,
1077 4229 1227 4293 autequam
1237 4223 1344 4276 cloacae

188 4293 365 4362 -suntfactae,
373 4296 509 4348 secessisse
520 4301 604 4364 atque
615 4297 656 4350 ad
663 4313 729 4350 suos
739 4313 768 4350 se
779 4297 810 4350 iu
820 4297 992 4366 Capitolium
1005 4296 1135 4365 recepisse
1139 4313 1156 4359 ;
1167 4295 1201 4347 ab
1210 4311 1240 4347 eo
1248 4293 1343 4348 lacum

192 4363 333 4417 inuenisse
351 4380 458 4419 nomeu.
496 4367 604 4420 Ambas
624 4367 734 4420 fabulas
754 4365 841 4421 etiam
864 4365 959 4420 Liuius
978 4365 1023 4419 vii.
1037 4366 1062 4420 6.
1076 4366 1109 4419 cf.
1124 4364 1141 4420 i.
1158 4379 1189 4433 13
1207 4363 1341 4419 exhibuit

193 4449 335 4500 mergare
353 4439 504 4500 uoragine
521 4441 618 4493 caeni.
657 4439 690 4490 ln
704 4437 748 4490 his
760 4447 846 4507 poeta
859 4437 997 4491 Pisonem
1005 4447 1117 4490 secutus
1131 4435 1249 4503 uidetur,
1260 4445 1288 4489 et
1301 4434 1342 4489 sic

195 4503 253 4558 Liu.
265 4505 283 4559 i.
295 4520 326 4573 13
335 4506 554 4561 Monumentum
567 4510 627 4560 eius
634 4512 758 4579 pugnae,
769 4508 819 4562 ubi
824 4510 954 4578 primum
967 4525 1004 4561 ex
1013 4507 1178 4576 profunda
1196 4523 1342 4561 emersus

192 4575 315 4644 palude
334 4593 437 4646 equus
458 4579 590 4634 Curtium
609 4581 641 4633 in
660 4580 734 4633 uado
755 4581 865 4648 statuit,
885 4581 1018 4635 Curtium
1038 4580 1132 4634 lacum
1151 4579 1341 4649 appellarunt.
