3312 5200
284 441 321 502 ta
765 434 945 498 SCHOLIA

322 609 391 671 397.
412 591 457 652 Vt
485 594 542 671 qui
574 603 653 670 post
684 592 834 671 longum.
918 592 1063 670 Aegiptus
1098 611 1208 653 nonem
1237 593 1322 653 annis
1353 593 1431 654 sicca

278 677 426 754 Aegiptus
454 675 484 733 ix
519 675 604 734 annis
639 675 748 734 siccata
782 685 835 745 est,
876 673 936 748 hrit,
967 693 1035 734 cum
1066 673 1188 736 Trasius
1222 675 1294 734 dixit
1331 675 1435 735 Busiri

279 776 347 818 cum
361 756 483 816 Trasius
503 755 599 816 Busiri
617 757 678 834 regi
694 756 835 834 Aegiptio
877 756 1049 832 Aegiptiaca
1071 758 1134 834 regi
1158 766 1190 816 ut
1210 767 1351 816 mactaret
1373 757 1431 834 pri·

279 838 353 899 dixit
373 857 426 916 per
447 837 572 916 primurn
593 837 738 915 hospitem
756 855 835 896 mac·
876 855 959 895 mum
975 837 1121 914 hospitem
1140 837 1206 897 Ioui
1225 838 1309 897 etsie
1324 854 1432 914 aquam

279 929 373 982 tatum
400 919 530 997 pluuiam
557 935 646 996 posse
671 918 833 995 prouocati.
875 919 1002 991 haberet,
1013 920 1059 978 cui
1071 919 1179 979 Busiris
1189 919 1433 992 ait,Fieslouis

279 1001 359 1061 unde
370 1001 433 1078 ipse
443 1009 585 1060 mactatus
595 1010 640 1060 est
649 1019 658 1073 ς
680 1000 834 1060 eratenim
875 999 991 1060 hostia
1004 1001 1133 1076 primus
1149 999 1199 1076 (A.
1214 1001 1252 1059 A.
1268 998 1387 1077 I.651),
1404 1009 1433 1058 et

280 1083 391 1161 primus
404 1081 521 1158 hospes.
567 1080 605 1141 G.
878 1099 915 1141 eo
943 1081 1085 1141 inmolato
1108 1082 1207 1158 pluuia
1234 1083 1315 1140 uenit
1343 1091 1375 1140 ut
1403 1079 1432 1141 d.

878 1162 1011 1224 Ouidius.
1057 1162 1085 1224 C
1096 1163 1167 1222 Ask.

324 1263 391 1321 399.
405 1242 524 1303 Frater
534 1242 710 1303 utAntaei.
726 1242 836 1304 Busiris

281 1336 311 1388 et
324 1328 455 1386 Antaeus
472 1325 574 1386 fratres
588 1325 711 1384 suerunt.
757 1325 794 1385 G.

324 1426 393 1481 40¹·
414 1407 459 1466 Vt
473 1406 530 1484 qui
544 1407 725 1466 terribiles.
755 1405 836 1466 Tan-
919 1406 1064 1466 Diomedes
1091 1407 1222 1485 hospites
1250 1424 1320 1468 suos
1349 1406 1433 1484 equis

281 1489 324 1566 git
342 1488 470 1548 fabulam
485 1488 522 1547 de
539 1487 685 1548 Diomede
704 1489 837 1565 superius
878 1489 967 1549 dabat
983 1489 1020 1548 ad
1040 1489 1254 1549 comedendum
1264 1508 1273 1562 3
1298 1488 1377 1547 idern
1396 1491 1433 1547 ab

282 1571 398 1631 dictam.
443 1568 480 1629 G.
880 1569 1008 1630 Hercule
1039 1570 1154 1647 hospite
1182 1588 1287 1647 passus
1317 1579 1370 1642 est,
1401 1579 1434 1630 ut

881 1652 950 1712 dicit
963 1651 1083 1711 Boetius
1098 1649 1157 1729 (II.
1173 1650 1213 1729 6).
1247 1650 1281 1710 C.

325 1751 394 1806 404.
417 1729 549 1792 Nessus
574 1731 837 1809 Dexamenique
920 1733 1057 1792 Hrcules
1091 1733 1219 1792 Nessum
1254 1730 1434 1791 Centaurum

193 1821 200 1832 ¹
283 1832 396 1891 gener.
439 1813 550 1877 †Atrax
585 1813 738 1878 Echiona†
771 1831 838 1873 cen·
879 1815 985 1890 sagitta
1003 1825 1202 1890 consequutus
1223 1823 1266 1872 est
1281 1831 1349 1872 cum
1363 1813 1433 1872 Dei-

283 1905 398 1956 taurum
433 1895 576 1954 interfecit
610 1896 678 1972 quia
713 1896 837 1955 ducebat
877 1898 995 1954 aninam
1029 1895 1103 1955 ultra
1136 1895 1258 1954 fluuium
1295 1894 1433 1953 Euenum

283 1976 519 2053 Hippodamiam
540 1977 628 2034 filiam
652 1975 836 2050 Dexameni3
877 1995 979 2054 rapere
994 1977 1049 2036 sibi
1062 1976 1156 2035 uellet.
1192 1977 1272 2035 idem
1287 1975 1432 2035 Hercules

284 2059 335 2135 qui
368 2066 473 2134 postea
510 2057 677 2117 interfectus
717 2068 761 2119 est
799 2060 838 2118 ab
879 2057 1032 2117 Euritiona
1051 2056 1231 2116 Centaurum
1245 2057 1389 2116 interfecit
1402 2057 1434 2115 in

284 2137 413 2200 Hercule
427 2156 482 2214 pro
496 2137 607 2199 eadem.
654 2137 690 2198 G.
879 2140 988 2216 nuptiis
1023 2139 1143 2198 Pirithoi
1175 2148 1204 2197 et
1232 2137 1434 2215 Hippocatiae

326 2220 469 2280 Hercules
484 2218 614 2279 Nessum
630 2229 659 2280 et
677 2218 839 2297 Eurytiona
879 2220 927 2280 uel
964 2219 1184 2296 Hippodamiae.
1247 2239 1315 2278 eum
1361 2237 1434 2295 ergo

284 2301 449 2361 Centauros
483 2297 641 2382 [rapientes
681 2301 835 2378 Hippoda·
878 2319 1020 2378 generum
1035 2300 1201 2360 Dexameni
1223 2301 1349 2377 appellat
1371 2318 1435 2358 non

284 2385 374 2442 miam
388 2382 552 2442 Dexamern
570 2385 647 2458 regis
662 2382 750 2443 liliam
770 2402 837 2442 cum
879 2384 960 2460 quod
974 2383 1066 2454 fuerit,
1088 2382 1141 2442 sed
1160 2383 1228 2459 quia
1249 2401 1313 2442 esse
1334 2382 1434 2441 uoluit.

284 2464 414 2526 Pirithoo
464 2460 637 2544 nubentem]
689 2464 837 2539 interfecit,
879 2464 1065 2524 Dexamenus
1075 2465 1154 2523 enim
1165 2473 1247 2540 pater
1256 2463 1309 2523 suit
1318 2462 1435 2540 Hippo-

322 2651 382 2703 397.
400 2637 536 2692 trasith
597 2640 762 2693 annosAsk.
821 2638 958 2692 traciusC
1016 2637 1272 2690 tunctrasiusAsk.
1332 2635 1436 2706 busyro

284 2707 452 2776 egipciaciG
537 2708 594 2774 regi
607 2709 707 2776 aegipti
720 2711 789 2764 Ask:
874 2714 906 2764 ut
918 2709 1009 2762 uirum
1021 2708 1076 2762 ioui
1089 2709 1116 2760 in
1128 2707 1246 2762 hostiam
1259 2712 1394 2760 mactaret
1406 2713 1435 2760 et

284 2781 323 2836 sic
336 2781 402 2833 Ask.
473 2793 507 2831 eo
520 2777 661 2832 immolato
674 2779 743 2846 pluit
755 2782 822 2834 Ask.

324 2867 384 2915 399.
402 2851 443 2902 Sic
454 2869 487 2902 en
501 2850 524 2902 G
539 2851 645 2916 correxi,
657 2851 683 2902 ia
700 2870 746 2917 quo
763 2852 824 2905 haec
839 2862 937 2917 extant,
951 2849 1029 2902 Trax
1044 2855 1072 2902 et
1085 2850 1190 2903 Anteus
1201 2847 1300 2902 fratres
1313 2847 1434 2914 fuerunt,

286 2921 332 2974 filii
351 2919 524 2986 Pigmalionis
542 2919 586 2973 uel
604 2925 635 2972 ut
653 2921 697 2973 alii
717 2921 815 2975 Sichei.
851 2921 928 2974 Trax
947 2926 1040 2974 autern
1058 2920 1179 2988 hospites
1197 2936 1260 2973 suos
1277 2921 1351 2987 prius
1369 2920 1434 2972 lotis

285 2990 400 3060 pedibus
414 2989 573 3043 immolabat
590 2995 618 3043 et
634 2990 687 3043 hoc
700 2997 765 3044 ante
776 3008 862 3045 aram.
894 2990 969 3060 quod
984 2996 1081 3059 postea
1091 3007 1184 3058 passus
1201 2996 1242 3043 est
1255 2990 1289 3043 ab
1303 2990 1436 3043 Hercule.

286 3063 456 3128 Manifestum
468 3071 506 3113 est
519 3060 597 3112 Trux
609 3081 641 3114 ex
653 3062 741 3114 Atrax
753 3075 899 3133 corruptam
913 3083 965 3115 esse
980 3074 1005 3116 et
1020 3082 1039 3114 a
1057 3080 1132 3115 uersu
1145 3078 1195 3127 403
1203 3073 1251 3130 per
1263 3080 1374 3114 errorem
1387 3063 1436 3114 huc

285 3135 329 3185 inr
357 3134 426 3185 sisse.
462 3131 535 3183 Nam
548 3134 589 3200 qui
606 3131 642 3184 ibi
659 3135 685 3185 in
700 3134 723 3185 G
741 3145 954 3187 commemoratur
966 3133 1066 3186 Busiris
1075 3134 1170 3200 frater
1186 3141 1244 3186 erat
1257 3134 1353 3185 Antaei
1369 3133 1435 3184 ideo-

286 3221 332 3271 que
348 3205 374 3255 in
390 3221 415 3255 n.
430 3217 479 3270 399
493 3200 572 3254 locum
589 3202 672 3256 habet.
709 3203 805 3257 Contra
822 3207 915 3258 Atrax
927 3214 1002 3273 pater
1019 3204 1202 3272 Hippodamiae
1219 3203 1305 3271 (Lact.
1317 3204 1355 3255 ad
1367 3203 1435 3256 Stat.

286 3274 359 3326 Theb.
377 3275 399 3324 I.
416 3270 477 3338 106)
496 3283 588 3340 nuptae
606 3274 740 3328 Pirithoo:
769 3275 833 3328 ande
849 3276 886 3328 ad
904 3292 953 3339 403
973 3276 1105 3343 suspiceris
1126 3276 1248 3343 scriptum
1260 3275 1347 3338 finisse
1364 3275 1391 3325 in
1412 3275 1436 3327 G

287 3345 374 3396 Atrax
392 3341 536 3394 Euritiona
553 3343 724 3396 Centaurum
745 3344 884 3398 interiecit
901 3345 965 3412 quia
981 3344 1100 3397 ducebat
1120 3343 1333 3413 Hippodamiam
1352 3343 1434 3397 filiam

288 3413 450 3467 Dexameni.
487 3412 533 3480 qui
554 3419 650 3480 postea
669 3414 831 3470 interfectus
850 3421 891 3469 est
910 3416 944 3468 ab
964 3414 1087 3468 Hercule
1107 3431 1158 3482 pro
1178 3414 1297 3467 eadem·
1320 3415 1393 3483 Quae
1413 3417 1436 3467 si

286 3504 349 3538 uera
361 3495 428 3549 sunt,
442 3485 538 3550 Atrax!
545 3503 562 3536 a
574 3485 713 3539 scholiasta
725 3497 831 3539 autnon
844 3497 964 3555 cognatus
974 3485 1157 3554 Hippodamiae
1167 3496 1214 3538 aut
1226 3496 1291 3538 certe
1302 3504 1349 3537 non
1358 3495 1436 3553 pater

279 3555 364 3622 fisisse
372 3554 495 3623 fingitur,
508 3556 715 3623 quemadmodum
727 3557 872 3610 Dexameni
879 3557 943 3625 filia
956 3555 1106 3624 Apollodoro
1122 3566 1160 3608 est
1175 3556 1354 3620 Mnesimache‚
1370 3557 1436 3608 Dio-

286 3627 347 3679 doro
361 3627 498 3695 Hippolyte,
513 3624 636 3694 plerisque
652 3627 790 3680 Deianira.
826 3628 913 3681 Nimis
933 3627 1038 3692 confusa
1057 3637 1116 3680 sunt
1135 3646 1198 3694 qaae
1219 3625 1311 3678 habent
1331 3626 1353 3679 C
1370 3628 1435 3678 Ast.

287 3693 425 3750 Pimaluus
439 3695 598 3764 (Perimales
607 3695 684 3764 Ask.)
698 3696 784 3750 frater
796 3697 894 3751 Antaei
907 3697 1025 3764 hospites
1038 3713 1100 3750 suos
1112 3699 1186 3764 prius
1199 3696 1261 3749 lotis
1273 3695 1388 3763 pedibus
1400 3696 1436 3750 de

287 3767 406 3836 quadarn
418 3782 481 3819 arce
494 3766 706 3834 praecipitabat:
725 3768 771 3836 qui
788 3768 862 3822 idern
877 3774 972 3836 postea
990 3783 1082 3835 passus
1096 3772 1139 3821 est
1156 3767 1190 3820 ab
1204 3767 1326 3819 Hercule
1342 3778 1367 3821 et
1383 3767 1436 3820 eod.

288 3838 425 3907 Salnagnii
443 3856 499 3891 cum
517 3837 555 3891 ed.
574 3840 662 3890 Paris.
678 3851 743 3904 1573
763 3839 923 3908 Pygmalion
935 3837 1021 3891 frater
1032 3837 1130 3891 Antaei
1147 3837 1267 3904 hospites
1283 3853 1347 3890 suos
1362 3838 1437 3905 prius

287 3908 350 3962 lotis
363 3908 477 3976 pedibus
490 3908 518 3959 in
532 3907 681 3961 Parthenio
700 3923 813 3962 nemore
830 3909 974 3963 occidebat
993 3914 1057 3961 ante
1073 3924 1141 3974 aras,
1154 3908 1229 3977 quod
1241 3914 1284 3961 est
1295 3923 1387 3975 passus
1400 3907 1437 3961 ab

287 3979 411 4032 Hercule
425 3977 468 4048 [ut
484 3978 550 4031 dicit
571 3977 734 4049 Homerus}
771 3982 808 4034 Et
827 3991 912 4033 tamen
928 3979 1079 4048 Pygmalion
1090 3983 1184 4044 frater
1200 3979 1327 4031 Busiridis
1343 3980 1437 4032 dicitur·

286 4051 320 4103 ab
329 4050 426 4118 Hygino
435 4052 477 4114 56,
484 4059 510 4101 et
521 4048 704 4118 Philargyrius
716 4051 754 4103 ad
762 4051 792 4105 G.
805 4053 856 4104 ΙΙΙ.
868 4068 881 4116 5
893 4052 955 4104 haec
963 4051 1039 4103 habet
1051 4050 1106 4103 Per
1118 4055 1184 4102 octo
1196 4065 1281 4102 annos
1293 4049 1437 4103 sterilitate

286 4121 414 4188 Aegypto
427 4120 569 4172 laborante
582 4119 740 4188 Pygmalion
754 4121 870 4190 Cyprius
886 4121 969 4174 finem
986 4120 1109 4173 futurum
1124 4136 1180 4173 non
1192 4120 1232 4174 ait
1243 4119 1294 4173 nisi
1306 4121 1437 4186 sanguine

285 4190 399 4258 hospitis
411 4191 519 4244 litatum
532 4189 636 4246 fuisset.
1340 4226 1341 4229 =

323 4279 383 4326 401.
402 4261 541 4314 Dionisius
554 4261 582 4314 C.

323 4349 384 4396 404.
403 4329 501 4401 Atrax]
516 4331 656 4387 BusirisG
693 4332 752 4387 Vide
763 4333 801 4386 ad
813 4349 862 4399 399
900 4328 1034 4402 Echiona]
1048 4333 1098 4386 imo
1111 4331 1257 4386 Euritiona
1300 4331 1438 4385 Hercules

286 4402 371 4456 om.G
422 4403 554 4456 nesumc
614 4402 766 4459 deianiraG
821 4403 995 4459 hebanumG
1054 4403 1244 4457 hemicionac
1303 4403 1440 4471 peritoiG

286 4472 416 4542 ypocacie
428 4473 472 4526 uel
482 4473 574 4526 domie
586 4488 649 4526 curn
661 4475 705 4530 ille
716 4473 844 4529 henricus
855 4475 899 4528 uel
909 4473 998 4528 domis
1009 4474 1140 4544 innuptiis
1149 4474 1233 4527 uellet
1244 4473 1362 4542 periteio
1372 4489 1437 4525 curn

286 4559 352 4610 ergo
365 4545 459 4614 Cquae
469 4556 507 4599 est
519 4563 592 4599 mera
603 4547 705 4600 iteratio
772 4545 940 4600 desinianiG
1000 4544 1214 4600 delameniAsk.
1272 4544 1437 4598 desiniemus
