3312 5200
287 434 343 487 110
685 428 1032 489 COMMENTARIVS.

285 586 376 654 Osqua
388 586 502 640 madens
504 587 588 655 fletu.
658 586 718 640 101
739 588 966 650 Ominibusque
981 586 1056 639 MSS
1070 593 1154 640 recte.
1195 585 1346 654 Quomodo
1359 585 1437 639 enim

284 656 373 724 fingas
395 673 494 710 omnes
517 656 564 727 qui
586 657 704 710 aderant
727 656 881 725 (quisquis
901 657 986 724 ades)
1007 657 1123 709 nomina
1144 655 1267 710 infausta
1288 656 1438 710 attulisse?

282 725 337 779 nisi
356 727 428 780 sorte
446 744 480 781 ex
498 726 655 782 astantibus
674 726 693 780 ii
713 736 823 780 tantum
845 725 967 780 citantur
991 736 1089 780 contra
1110 725 1174 779 Ibin
1193 726 1241 795 qui
1260 727 1375 780 nomine
1394 727 1437 779 in·

283 813 418 866 prospero
436 797 569 866 appellati
588 807 661 852 sunt.
697 801 892 862 pedibusque
910 800 1064 851 occurrite
1081 799 1183 851 laeuis
1200 797 1283 865 Apul.
1303 798 1372 851 Met.
1386 796 1403 851 i.
1421 809 1435 865 5

282 867 343 921 Sed
358 873 391 920 ut
398 868 471 937 fieri
487 869 588 921 assolet
604 870 721 921 sinestra
733 869 805 937 pede
817 871 873 938 pra
886 872 975 920 ectum
988 885 1031 920 me
1045 871 1107 936 spes
1118 868 1277 936 compendii
1284 867 1437 936 frustrata

282 943 330 991 est.
369 939 474 992 Contra
494 938 592 992 dextro
609 939 682 1007 pede
702 937 755 992 iter
773 937 851 1007 ingre
874 937 881 990 i
901 937 968 991 boni
987 937 1089 991 ominis
1108 936 1159 991 fuit
1180 937 1264 992 Prud.
1283 955 1306 992 c.
1326 939 1435 1006 Symm.

282 1006 311 1060 ii.
325 1020 367 1076 79,
383 1007 492 1062 Vitruu.
506 1007 543 1062 iii.
556 1023 581 1074 4.
594 1024 611 1075 4
629 1010 762 1078 Namque
776 1025 840 1062 cum
856 1009 955 1062 dextra
970 1008 1038 1077 pede
1049 1009 1165 1078 primus
1178 1009 1290 1078 gradus
1309 1005 1434 1078 (templi)

282 1079 452 1132 ascendatur
467 1079 534 1131 item
552 1081 585 1132 in
601 1096 710 1133 summo
729 1079 832 1149 templa
846 1081 962 1149 primus
979 1080 1036 1132 erit
1047 1078 1205 1148 ponendus.
1241 1079 1308 1132 Eur.
1329 1079 1434 1132 Bacch.

283 1161 343 1216 943,
354 1161 371 1213 4
384 1147 429 1202 Ἐν
447 1148 518 1217 δεξιᾷ
536 1150 586 1219 χρὴ
604 1148 675 1218 χᾶμα
693 1148 769 1217 δεξιῷ
787 1149 848 1203 ποδὶ
867 1146 953 1217 Aipeia
971 1170 1017 1202 νιν.
1056 1150 1168 1203 Petron.
1182 1163 1225 1217 30,
1245 1148 1294 1202 Sil.
1312 1147 1359 1202 vii.
1376 1162 1435 1216 171,

282 1220 353 1272 Aen.
367 1237 392 1272 x.
406 1234 421 1272 2
426 1232 438 1288 5
444 1232 456 1287 5
471 1236 542 1288 quos
559 1220 636 1274 locos
656 1219 798 1288 congessit
816 1222 919 1288 Mayor
935 1219 972 1274 ad
991 1221 1088 1274 quen.
1101 1238 1127 1273 x.
1142 1231 1165 1287 5.
1236 1219 1303 1274 103.
1320 1221 1435 1274 ferales

281 1288 413 1343 funebres
426 1291 473 1342 Tr.
487 1288 525 1342 iii.
539 1304 564 1358 3.
578 1291 619 1344 81.
650 1294 750 1344 uittas
762 1291 832 1344 Aen.
843 1288 871 1344 ii.
885 1302 932 1358 155
947 1306 997 1342 uas
1009 1307 1077 1343 arae
1088 1305 1217 1358 ensesque
1228 1289 1347 1358 nefandi
1358 1289 1435 1358 Quas

272 1359 354 1428 sagi,
367 1361 509 1428 uittaeque
520 1361 611 1428 deum
624 1377 695 1429 quas
706 1360 798 1414 hostia
805 1362 884 1430 gessi
896 1361 1073 1427 (Burmann).
1160 1360 1228 1415 104.
1244 1361 1366 1414 sumeris
1378 1377 1435 1414 ara

280 1433 337 1497 tui,
363 1447 412 1484 ara
436 1429 465 1482 in
489 1447 546 1500 qua
567 1430 768 1485 sacrificandus
793 1448 832 1485 es.
871 1430 998 1484 Detorsit
1023 1428 1258 1498 significationem
1282 1430 1434 1484 uerborum

272 1501 392 1570 sunem's
409 1516 462 1553 ara
475 1517 547 1570 quae
560 1501 630 1555 alias
643 1518 695 1570 pro
713 1518 763 1556 ara
775 1500 923 1570 sepulcrali
937 1500 1064 1555 manium
1075 1500 1170 1569 posita
1182 1509 1225 1554 est
1239 1499 1324 1554 Trist.
1337 1499 1374 1554 iii.
1392 1515 1433 1568 13.

282 1577 315 1623 ar
328 1572 452 1624 Funeris
463 1589 518 1625 ara
533 1571 613 1638 milti,
630 1573 718 1632 ferali
731 1573 822 1625 cincta
840 1575 976 1641 supressa,
991 1572 1129 1625 Conuenit
1146 1576 1173 1624 et
1190 1571 1306 1624 staretis
1308 1571 1434 1640 flamma

275 1644 385 1710 parata
397 1643 480 1711 ragis.
519 1643 560 1695 M.
573 1641 630 1696 viii.
643 1643 697 1708 480
708 1642 786 1696 Ante
798 1642 968 1712 sepulcrales
978 1642 1083 1711 infelix
1093 1642 1220 1695 constitit
1230 1657 1305 1695 aras.
1365 1644 1433 1698 105.

281 1714 402 1776 Pompa
414 1721 441 1766 et
454 1712 492 1766 ad
504 1712 587 1766 funus
600 1721 628 1766 et
640 1712 678 1766 ad
691 1712 859 1766 sacrificium
871 1713 997 1766 refertur.
1032 1728 1123 1765 mora
1134 1715 1218 1766 absit
1229 1727 1266 1765 ne
1279 1719 1310 1764 tu
1322 1727 1433 1767 morare

282 1781 447 1836 deuotiones
466 1799 553 1851 meas,
573 1791 602 1837 ut
621 1799 657 1837 ne
676 1799 729 1852 ego
748 1782 863 1852 quidem
882 1799 931 1836 eas
950 1781 1089 1836 demorari
1110 1780 1210 1849 (nufla
1226 1797 1317 1835 mora
1333 1787 1380 1836 est
1397 1787 1434 1836 in

281 1868 331 1905 mo
344 1851 389 1921 97)
413 1853 503 1922 cupio.
604 1856 671 1908 106.
689 1857 739 1908 Da
758 1852 863 1922 praebe
884 1855 1028 1917 iugulum
1046 1851 1203 1906 feriendum
1221 1855 1333 1907 cultris
1353 1855 1434 1907 meis

281 1922 328 1991 qui
350 1933 379 1976 te
399 1931 545 1992 tamquam
566 1922 689 1977 hostiam
710 1922 904 1977 immolaturus
927 1940 997 1977 sum.
1036 1923 1115 1976 Pont.
1136 1921 1164 1977 ii.
1181 1937 1205 1991 9.
1225 1937 1255 1990 31
1279 1924 1339 1977 Nec
1354 1923 1435 1984 dabit

279 1995 391 2046 intonsa
418 1995 551 2062 iugulum
577 1997 663 2063 caper
686 1993 778 2048 hostia
798 1993 916 2047 Baccha.
952 1996 1058 2048 hostia
1078 1996 1156 2060 dira,
1177 2002 1207 2046 ut
1229 1994 1346 2046 uictima
1366 1994 1434 2048 de'ra

280 2065 315 2118 A.
335 2064 369 2118 A.
388 2062 406 2116 i.
423 2078 483 2132 334,
503 2064 584 2117 Pont.
600 2063 636 2118 iv.
653 2079 678 2132 9.
694 2065 736 2131 84,
756 2064 791 2118 de
809 2063 969 2117 haminibus
986 2062 1088 2117 dicitur
1104 2062 1151 2133 qui
1170 2062 1334 2117 animalium
1352 2081 1433 2118 more

280 2141 448 2187 mactantur.
526 2136 667 2189 lot-126.
705 2135 773 2188 Post
795 2135 850 2188 hoc
872 2133 1025 2201 exordium,
1048 2150 1104 2203 quo
1124 2133 1201 2187 haud
1222 2133 1281 2188 scio
1303 2150 1340 2187 an
1361 2133 1432 2187 nihil

280 2207 437 2271 σεμνότερον
462 2203 490 2257 in
515 2204 686 2258 carminibus
713 2214 788 2258 extet
814 2204 918 2272 Ouidii,
944 2203 1081 2273 incipiunt
1106 2203 1194 2257 instar
1219 2201 1299 2271 ὕμνου
1324 2204 1433 2270 δεσμίου

280 2275 369 2328 uerba
387 2273 449 2343 ipsa
469 2273 610 2341 Dirarum,
629 2275 730 2344 quibus
749 2273 893 2329 simillima
911 2284 954 2329 est
971 2285 1039 2328 nota
1055 2273 1104 2328 illa
1121 2273 1235 2328 deuotio
1257 2273 1433 2330 Southeiana

282 2346 371 2400 Curse
391 2346 424 2399 of
443 2345 573 2398 Kehama
593 2345 623 2399 ‘I
643 2346 740 2398 charm
761 2345 812 2414 thy
828 2345 875 2399 lise
897 2345 969 2398 from
990 2345 1039 2399 the
1060 2361 1192 2414 weapons
1212 2345 1245 2398 of
1265 2345 1358 2398 strife'
1379 2345 1432 2400 διο.

282 2415 415 2468 Dirarum
437 2425 568 2484 quattuor
588 2425 683 2484 partes
703 2415 776 2469 facio
798 2415 982 2482 6÷4=6÷4.
1021 2417 1131 2468 Harum
1148 2414 1177 2467 in
1196 2413 1239 2484 (1)
1251 2426 1383 2483 precatur
1400 2425 1431 2470 ut

280 2487 483 2539 elementorum
505 2503 572 2540 usus
595 2485 757 2540 aduersario
777 2486 931 2555 denegetur
955 2484 994 2554 (ν)
1015 2495 1044 2539 ut
1063 2485 1126 2539 exul
1145 2494 1172 2539 et
1191 2485 1338 2539 mendicus
1357 2495 1431 2543 erret

280 2555 309 2609 in
322 2556 452 2610 maximis
465 2556 616 2624 angoribus
631 2556 670 2625 (3)
684 2565 714 2610 ut
727 2572 792 2610 eum
807 2573 891 2610 nemo
909 2554 1064 2623 miseretur,
1076 2555 1187 2610 oderint
1205 2572 1312 2624 omnes,
1325 2556 1431 2610 laeten-

280 2636 381 2696 turque
403 2626 537 2680 afflictum
562 2626 760 2696 deiectumque
781 2627 893 2680 fortuna
915 2625 955 2692 (4)
977 2635 1007 2679 ut
1028 2625 1100 2680 mori
1121 2625 1188 2679 uelit
1208 2643 1263 2680 nec
1287 2625 1341 2679 nisi
1365 2636 1430 2695 post

280 2714 407 2751 summos
420 2696 560 2751 cruciatus
573 2707 657 2766 queat
670 2696 751 2751 mori.
845 2699 902 2752 111.
919 2700 1089 2751 vmeanua
1128 2695 1255 2765 Respicit
1268 2698 1431 2751 Romanum

280 2784 388 2822 morem
410 2767 468 2836 igni
490 2776 518 2821 et
543 2784 617 2836 aqua
639 2767 777 2838 (pontus)
800 2765 986 2821 interdicendi
1008 2765 1178 2836 (Samaga).
1215 2783 1249 2821 se
1272 2771 1430 2836 praebeat,

279 2838 384 2892 seruiat
405 2838 502 2891 usibus
523 2837 587 2892 tuis.
626 2840 691 2892 Am.
709 2837 727 2892 i.
746 2839 770 2892 6.
790 2851 822 2902 41
843 2839 951 2892 Lentus
970 2839 1022 2891 es?
1046 2854 1084 2890 an
1105 2853 1219 2891 somnus
1238 2839 1291 2908 qui
1308 2854 1337 2890 se
1357 2838 1432 2891 male

276 2910 392 2979 praebet
411 2909 524 2961 amanti
546 2909 632 2962 Verba
652 2909 703 2962 dat
722 2909 754 2962 in
776 2914 873 2961 uentos
893 2925 962 2962 aure
986 2908 1100 2978 repulsa
1123 2909 1200 2962 tua?
1293 2910 1431 2976 113,114.

280 2980 342 3046 Ael.
364 2980 398 3032 V.
420 2980 457 3032 H.
477 2977 515 3032 iii.
535 2993 569 3047 29
590 2979 713 3047 Διογένης
734 2980 748 3030 δ
770 2977 896 3033 Σινωπεὺς
918 2983 1033 3048 συνεχῶς
1050 2977 1173 3048 ε’πελεγεν
1193 2977 1257 3047 ὑπὲρ
1277 2977 1369 3031 ἑαυτοῦ
1390 2975 1430 3031 ὅτι

280 3050 326 3104 τὰς
346 3049 374 3100 ἐκ
394 3050 439 3115 τῆς
456 3048 598 3118 τραγωδίας
618 3049 680 3118 ἀρὰς
700 3049 775 3104 αὐτὸς
796 3048 921 3119 ἐκπληροῖ
941 3047 981 3101 καὶ
1000 3048 1128 3117 ὑπομένει.
1171 3043 1234 3102 εἶναι
1254 3048 1305 3116 γὰρ
1325 3050 1432 3114 Πλάνης

280 3119 365 3174 ἄοικος
388 3119 510 3187 πατρίδος
531 3118 699 3207 ἐστερηρένος
719 3120 829 3188 Πτωχὸς
850 3118 979 3186 δυσείμων
1000 3118 1059 3179 βίον
1079 3119 1147 3188 ἔχων
1167 3117 1306 3188 ἐφήμερον.
1343 3121 1429 3174 Herc.

281 3190 347 3242 Fur.
360 3203 411 3256 303
427 3188 496 3242 ἀλλὰ
516 3189 557 3241 καὶ
576 3189 623 3242 τόδ
651 3189 751 3256 ἄθλιον,
768 3190 847 3257 Πενίᾳ
868 3189 918 3244 σὺν
939 3189 1026 3258 οἰκτρᾷ
1046 3191 1196 3258 περιβαλεῖν
1213 3188 1349 3259 σωτηρίαν.
1385 3187 1432 3244 Ὦς

245 3306 249 3310 .
279 3259 312 3312 τὰ
324 3257 404 3325 ξένων
419 3261 548 3325 πρόσωπα
566 3257 711 3329 φεύγουσιν
727 3257 877 3329 φιδιοιςἛν
894 3257 962 3330 ἦμαρ
980 3258 1027 3327 ἡδὺ
1042 3261 1094 3322 tint
1112 3258 1136 3328 μ’
1154 3260 1224 3330 ἔχειν
1241 3260 1326 3328 φασὶν
1341 3262 1429 3328 μόνον.

279 3331 340 3384 114.
358 3335 519 3394 tremente,
545 3347 609 3382 cum
630 3330 713 3398 fame,
738 3340 798 3384 tum
822 3329 924 3398 frigore
945 3281 1112 3399 (Saluagnii
1219 3332 1430 3394 115.queru10

280 3403 395 3465 dolore,
415 3399 462 3469 qui
482 3417 539 3452 non
564 3410 639 3454 tacet
661 3401 712 3454 sed
734 3417 784 3470 per
804 3402 942 3470 querellas
961 3400 1120 3456 effunditur.
1153 3399 1237 3454 Trist.
1251 3399 1288 3454 iii.
1302 3401 1327 3455 8.
1341 3415 1374 3468 32
1387 3402 1432 3454 Et

280 3488 436 3539 numquam
448 3471 563 3539 queruli
573 3488 658 3524 causa
669 3472 776 3524 dalmas
787 3472 869 3526 abest.
951 3472 1011 3527 11¹1.
1030 3471 1038 3500 ⁴
1045 3472 1120 3526 That
1137 3472 1206 3524 thou
1218 3480 1311 3539 mayst
1324 3470 1380 3524 still
1392 3472 1429 3525 be

280 3540 389 3610 pitifufl,
402 3541 452 3594 but
470 3540 559 3609 pitied
576 3541 609 3594 of
623 3558 716 3596 none:
735 3541 802 3594 And
820 3543 882 3596 that
900 3558 937 3595 no
956 3559 1023 3595 man
1041 3558 1093 3595 nor
1109 3557 1220 3594 woman
1237 3558 1311 3610 may,
1324 3542 1366 3594 for
1378 3543 1429 3610 thy

280 3611 477 3666 mischaunces
491 3613 591 3666 mone’
612 3614 646 3666 T.
659 3612 849 3668 Vnderdown.
910 3615 971 3666 119.
990 3615 1128 3666 Accedat
1139 3615 1287 3678 lacrimis,
1300 3612 1428 3666 cumulus

280 3681 316 3735 sit
330 3681 434 3736 doloris
446 3681 495 3738 tui.
533 3684 612 3736 Pont.
627 3681 644 3736 i.
659 3683 683 3736 8.
697 3682 739 3737 26.
878 3683 940 3748 121,
954 3685 982 3738 2.
1002 3682 1078 3737 Olim
1092 3682 1133 3737 sic
1145 3682 1343 3751 interpretatus
1356 3699 1427 3736 sum.

281 3757 390 3817 Sitque
413 3755 510 3807 facies
533 3756 693 3806 inuidiosa
716 3752 905 3807 lamentabilis
931 3755 976 3807 uel
1005 3753 1126 3806 crudelis
1151 3753 1260 3821 species
1282 3755 1428 3808 fomunae

280 3823 455 3878 condicionis
474 3829 547 3877 tuae
560 3825 682 3878 defecta
700 3823 834 3877 destituta
853 3827 946 3878 solito
964 3827 1072 3878 fauore
1089 3822 1288 3877 beneuolentia
1307 3840 1379 3892 quae
1398 3822 1427 3882 in

279 3893 398 3948 miseros
411 3893 530 3948 conferri
542 3894 622 3961 solet,
632 3896 717 3957 quod
729 3899 777 3948 eet
788 3910 897 3947 rarum
909 3894 939 3948 id
948 3894 1025 3963 quod
1036 3910 1101 3948 raro
1113 3893 1216 3962 euenit,
1227 3910 1291 3947 cum
1301 3892 1428 3963 plerique

279 3964 390 4018 miseris
409 3965 530 4018 faueant.
569 3963 656 4033 ‘May
669 3965 717 4018 the
730 3965 806 4018 cruel
824 3974 921 4033 aspect
941 3965 973 4019 of
987 3965 1038 4032 thy
1054 3965 1163 4018 fortune
1181 3963 1253 4032 lack,
1266 3981 1298 4018 as
1317 3965 1428 4018 seldom

280 4035 416 4104 happens,
429 4035 477 4089 the
490 4035 641 4103 sympathy
654 4033 806 4103 ordinarily
818 4035 938 4104 granted
950 4046 980 4089 to
992 4036 1041 4088 the
1058 4035 1224 4088 miserable'
1262 4036 1326 4103 Qua
1342 4033 1428 4102 signif

279 4105 410 4159 ficatione
429 4104 498 4159 dixit
518 4103 707 4174 Quintilianus
729 4107 797 4159 Inst.
814 4107 861 4159 Or.
880 4104 915 4159 iv.
933 4121 954 4159 1.
970 4120 987 4174 9
1005 4107 1062 4158 Est
1082 4107 1156 4158 enim
1177 4105 1323 4158 naturalis
1334 4104 1430 4173 sauar

274 4179 331 4246 pro
344 4175 543 4243 laborantibus,
556 4192 640 4244 quem
658 4175 752 4228 locum
771 4175 863 4230 attulit
877 4175 1063 4244 Saluagnius:
1087 4179 1179 4230 solito
1194 4175 1298 4229 tuearis
1311 4192 1345 4229 ex
1358 4177 1427 4230 Tac.

277 4248 351 4299 Ann.
366 4245 403 4299 iii.
419 4258 432 4314 5
451 4263 486 4298 ne
497 4246 593 4299 salitas
604 4246 715 4316 quidem
727 4245 863 4300 lunares:
881 4249 1002 4301 detecta
1014 4263 1099 4316 quam
1113 4263 1200 4314 prope
1213 4245 1241 4298 in
1255 4245 1427 4299 adiectiuum

277 4315 426 4384 transierit,
439 4315 542 4369 docent
562 4315 771 4385 comparatiuus
785 4317 923 4386 dejectior,
939 4316 1126 4386 superlatiuus
1143 4315 1362 4386 desertissimas:
1382 4317 1426 4368 in-

278 4387 389 4439 uidiosa
411 4385 523 4455 saepius
547 4386 651 4440 Ouidio
672 4396 737 4441 sunt
761 4403 834 4456 quae
858 4397 974 4466 propter
996 4386 1139 4440 miseriam
1163 4386 1209 4440 uel
1231 4385 1427 4440 crudelitatem

278 4455 415 4510 inuidiam
428 4466 542 4509 mouent
555 4455 584 4509 in
597 4467 734 4512 auctores.
774 4456 878 4512 M.vii1.
892 4471 941 4524 144
957 4457 992 4512 de
1007 4457 1101 4526 Scylla
1115 4458 1320 4526 Gnosiacaeque
1330 4455 1428 4509 leuaret

277 4542 363 4579 comes
375 4527 518 4580 inuidiosa
530 4529 651 4596 carinae,
670 4527 725 4582 xiii.
739 4541 792 4595 414
809 4528 996 4584 Dardanidas
1008 4533 1131 4584 matres.
1146 4569 1151 4583 .
1166 4569 1172 4583 .
1187 4570 1193 4582 .
1206 4528 1354 4582 Inuideasu
1366 4531 1425 4580 tra·
