3296 5210
643 449 869 514 EXCVRSVS.
1274 456 1330 513 ΙΙΙ

174 605 336 675 fingebatur
354 615 382 660 et
398 606 469 661 rex*
487 606 573 661 luisse
588 607 725 676 Pisarum,
738 618 766 663 et
784 608 861 663 idem
877 607 965 662 uitam
983 606 1066 662 simul
1083 622 1117 662 ac
1134 607 1331 664 crudelitatem

174 677 378 747 praecipitatus
390 677 420 731 in
433 677 603 746 profundum
616 678 750 733 finiuisse.
779 679 859 734 Nihil
871 696 966 734 moror
975 679 1051 749 quod
1059 679 1169 733 Annius
1182 679 1236 734 iste
1246 696 1331 749 quem

176 747 345 802 Plutarchus
358 747 455 802 scribit
472 749 509 802 ob
529 749 724 804 crudelitatem
742 749 771 803 in
788 749 875 804 filiam
895 749 1036 804 insiluisse
1052 749 1081 802 in
1094 749 1210 805 fluuium
1223 760 1252 805 et
1264 749 1331 804 huic

173 817 316 872 Anienem
335 835 439 873 nomen
458 818 604 887 indidisse,
622 837 680 874 non
700 819 773 874 Pisis
791 820 902 875 uicinus
920 819 1086 889 amniculuS,
1105 820 1156 875 sed
1175 818 1266 874 maior
1284 820 1330 876 ille

174 889 251 942 Anio
263 888 354 944 fuerit.
375 889 451 959 Quid
461 889 538 944 enim
548 890 672 946 crebrius
682 907 768 960 quarn
781 890 857 946 idem
870 907 975 945 nornen
989 891 1025 946 ab
1035 891 1162 946 obscuris
1172 891 1211 945 ad
1219 890 1331 946 notiora

173 959 307 1014 transdi?
343 961 427 1015 Certe
446 960 486 1015 sic
503 960 650 1030 expeditur
668 961 744 1032 quod
764 971 807 1018 est
826 961 1029 1030 difficillimum,
1042 963 1133 1016 Roma
1149 961 1285 1032 scriptum
1301 961 1331 1016 in

174 1029 314 1098 Galeano,
326 1031 397 1084 Pisa
409 1030 438 1084 in
449 1031 598 1102 plerisque.

212 1101 394 1170 Quamquam
406 1118 443 1156 ne
456 1101 525 1156 illud
537 1101 652 1172 quidem
664 1102 840 1158 reticendum
853 1112 905 1172 est,
919 1103 995 1174 quod
1008 1102 1055 1156 alii
1068 1102 1188 1158 fortasse
1205 1104 1330 1172 amplec-

174 1179 278 1240 tentur,
297 1172 388 1225 Roma
407 1171 477 1226 illud
494 1172 621 1243 potuisse
640 1173 759 1228 Galeani
780 1173 903 1228 scribam
926 1173 962 1228 de
983 1191 1035 1228 suo
1056 1172 1167 1228 inferre.
1205 1175 1283 1228 Nam
1302 1174 1329 1228 G

175 1250 296 1296 exeunte
309 1244 423 1296 saeculo
440 1242 477 1296 xii
497 1243 617 1313 scriptus
634 1253 686 1312 est,
698 1261 755 1326 quo
767 1253 895 1314 tempore
909 1244 989 1313 Milo,
1002 1243 1128 1298 notarius
1141 1260 1207 1298 mox
1219 1244 1330 1314 legatus

175 1312 273 1381 Papae
288 1313 445 1368 innocentii
458 1314 515 1381 ΙΙΙ,
526 1314 696 1396 Albigenses
710 1331 738 1368 rn
749 1314 843 1370 Gallia
854 1313 930 1368 omni
944 1314 1038 1369 studio
1051 1313 1249 1369 insectabatur.
1274 1313 1329 1384 Qui

174 1398 241 1436 cum
254 1381 325 1436 nihil
336 1400 393 1437 non
406 1393 522 1454 paratus
534 1385 616 1440 luent
632 1385 660 1438 in
673 1401 723 1439 eos
736 1384 827 1439 moliri
842 1385 963 1454 (Benoit,
978 1384 1105 1439 Histoire
1118 1383 1169 1440 des
1182 1384 1329 1454 Albigeois

175 1453 208 1507 T.
223 1451 240 1507 i.
254 1470 280 1522 p.
298 1453 359 1522 145)
372 1454 474 1510 merito
490 1455 584 1510 locum
596 1465 692 1510 tenere
708 1455 799 1525 potuit
817 1455 890 1510 inter
905 1472 954 1510 eos
970 1454 1018 1525 qui
1035 1454 1208 1510 crudelitatis
1224 1455 1330 1525 suppli-

174 1522 252 1577 cium
269 1523 347 1593 passi
368 1535 440 1580 sunt.
480 1527 545 1580 Hoc
564 1527 663 1581 uolens
681 1525 840 1596 significare
862 1525 955 1581 scriba
973 1525 1080 1580 codicis
1099 1526 1126 1580 G
1145 1524 1213 1596 quid
1231 1525 1329 1606 potius

174 1593 282 1648 iaceret
300 1611 385 1664 quam
403 1605 434 1650 ut
452 1597 583 1665 Romam,
598 1597 697 1651 sedem
714 1613 815 1667 papae,
832 1596 880 1651 ubi
899 1596 970 1651 Milo
988 1596 1153 1666 plerumque
1171 1596 1329 1664 habitabat,

174 1664 252 1719 unde
265 1664 303 1719 ad
316 1664 466 1721 delendam
479 1666 610 1722 haeresin
624 1667 765 1737 profectus
778 1677 829 1736 est,
842 1684 908 1722 cum
918 1666 1034 1720 Milonis
1046 1666 1161 1721 nomine
1174 1682 1231 1720 uno
1243 1683 1327 1721 uersu

174 1734 381 1804 coniungeret?
417 1739 484 1790 Non
503 1754 559 1808 quo
578 1738 649 1792 Milo
665 1738 712 1792 hic
729 1738 838 1820 legatus
857 1739 952 1807 Papae
971 1737 999 1791 in
1019 1753 1107 1808 aquas
1125 1736 1327 1807 praecipitatus

175 1805 220 1873 sit,
234 1822 301 1860 nam
315 1806 409 1862 subito
427 1808 527 1862 morbo
547 1818 691 1879 correptus
710 1808 812 1879 periit:
838 1807 907 1863 satis
926 1818 969 1864 est
987 1807 1024 1862 ad
1041 1807 1071 1862 id
1090 1807 1166 1879 quod
1179 1807 1289 1876 agimus
1303 1806 1326 1862 si

174 1875 242 1930 odio
253 1875 402 1932 instinctus
412 1877 506 1933 scriba
513 1895 576 1933 earn
585 1888 705 1934 mortem
714 1879 780 1934 huic
790 1878 916 1934 attribuit
926 1896 982 1950 qua
990 1878 1107 1948 dignum
1118 1878 1314 1933 arbitrabatur.

209 1946 258 2001 Ad
270 1951 336 2017 351,
349 1950 378 2004 2.
398 1949 557 2020 Quaeque
576 1949 624 2004 sui
644 1966 798 2004 uenerem
817 1949 944 2004 iuncxit
963 1950 1156 2005 cumfratre
1175 1949 1296 2018 mariti,

443 2019 559 2076 Locris
578 2020 610 2074 in
629 2020 774 2076 ancillae
792 2021 1008 2076 dissimulata
1026 2036 1116 2075 nece.

211 2089 294 2143 Haec
307 2087 400 2144 minus
413 2090 563 2145 commode
576 2091 729 2161 explicabis
743 2091 779 2146 de
790 2092 902 2146 Helena
920 2107 992 2163 quae
1004 2100 1069 2160 post
1083 2090 1193 2145 Paridis
1206 2100 1327 2146 mortem

174 2158 253 2214 fratri
273 2159 333 2214 eius
347 2160 500 2231 Deiphobo
519 2161 622 2231 nupsit,
636 2163 734 2216 Locris
746 2172 841 2217 autem
860 2163 920 2216 siue
939 2162 976 2216 ob
995 2161 1143 2231 perfidiam
1163 2178 1196 2215 ac
1213 2161 1327 2216 fraudes

174 2229 318 2299 (Eustath.
332 2242 366 2297 27
370 2243 393 2300 5.
406 2246 441 2298 44
454 2237 558 2302 Λοκρῶν
570 2230 685 2300 ξύνθημα
696 2233 739 2287 ἐπὶ
751 2232 910 2301 ἀπατεώνων,
922 2231 956 2286 cl.
970 2233 1099 2301 Apostol.
1109 2251 1133 2286 x.
1145 2232 1180 2298 76
1190 2231 1325 2299 Leutsch)

173 2299 235 2355 siue
254 2300 292 2354 ob
310 2301 506 2371 inpudicitiam
526 2303 641 2372 (Athen.
657 2303 711 2372 639
722 2305 756 2373 A,
773 2304 825 2373 697
839 2303 875 2372 B)
894 2302 989 2357 uocari
1009 2302 1119 2357 meruit.
1157 2304 1233 2357 Nam
1254 2304 1327 2356 haec

173 2387 295 2441 quoque,
317 2381 390 2427 teste
413 2374 555 2441 Polyaeno
577 2373 593 2428 i.
614 2389 640 2442 9,
661 2375 729 2428 dum
752 2374 791 2428 ab
812 2375 943 2444 Aegypto
965 2390 1029 2428 cum
1056 2373 1189 2427 Menelao
1213 2372 1326 2428 rediens

174 2441 309 2496 Rhodum
331 2442 463 2513 applicat,
486 2444 542 2498 iam
564 2444 593 2498 in
615 2461 649 2499 eo
671 2454 731 2500 erat
753 2454 782 2499 ut
805 2461 823 2500 a
845 2442 965 2498 Rhodiis
987 2443 1191 2513 opprimeretur
1211 2443 1270 2512 igni
1292 2460 1326 2498 ac

172 2511 324 2582 lapidibus,
343 2512 398 2567 nisi
420 2524 533 2596 sumpta
555 2525 636 2570 uesta
656 2515 775 2570 ancillae
796 2513 1022 2584 adgredientium
1043 2513 1101 2567 uim
1123 2513 1236 2568 ineam
1255 2530 1273 2576 a
1294 2530 1326 2568 se

173 2581 330 2638 auertisset.
369 2584 449 2654 Quae
464 2602 487 2640 ει
501 2602 568 2641 uera
581 2596 624 2640 est
641 2585 790 2654 sententia,
803 2585 835 2639 in
855 2585 995 2640 ancillae
1015 2583 1227 2638 dissimulata
1245 2601 1326 2639 nece

172 2669 225 2722 pro
237 2655 386 2723 epexegesi
401 2655 550 2710 Locridis
563 2656 673 2711 addidit
686 2656 766 2727 quasi
780 2655 885 2711 diceret
898 2655 983 2738 ‘quae
996 2671 1078 2709 ueros
1091 2672 1184 2710 mores
1198 2654 1325 2709 Locridis

172 2724 321 2790 referebat,
336 2725 515 2780 simulatione
534 2744 591 2797 qua
609 2726 727 2782 ancillae
745 2743 897 2797 personam
916 2743 944 2780 tn
963 2743 994 2780 se
1013 2724 1141 2795 sumpsit,
1160 2742 1241 2780 suam
1259 2725 1325 2779 huic

171 2795 323 2864 transtulit,
335 2806 365 2850 ut
384 2797 499 2851 mutatis
517 2797 638 2852 inuicem
655 2797 781 2852 uestibus
797 2797 900 2852 ancilla
917 2806 1079 2865 moreretur,
1096 2796 1158 2866 ipsa
1176 2795 1325 2850 incolumis

95 2877 99 2887 ·
172 2865 324 2920 euaderet!
360 2866 486 2936 Quodsi
506 2867 550 2922 cui
570 2868 666 2923 durius
684 2868 833 2936 uidebitur,
852 2867 956 2923 scribat
977 2866 1095 2936 Latris,
1113 2866 1191 2937 quod
1210 2866 1325 2937 Phillip·

172 2935 228 3004 pici
253 2935 362 2991 scholio
383 2938 502 2993 subesse
523 2939 661 3008 existim0,
683 2939 790 2994 ancilla
809 2940 948 3010 siquidem
969 2939 1052 2994 lomi
1075 2937 1104 3006 (l.
1126 2935 1222 3006 latria)
1244 2954 1324 2991 uoca-

171 3007 262 3062 batur.
302 3009 427 3077 Hesyclu
441 3010 531 3078 λάτρις
547 3009 694 3081 θεραπαίνη,
705 3009 829 3079 παιδίσκη
841 3007 1040 3080 lampuniam&
1055 3006 1141 3076 δούλη,
1181 3009 1258 3062 Nam
1269 3009 1325 3062 hoc

171 3077 260 3131 uerbo
281 3089 358 3134 recte
381 3080 492 3134 Helena
514 3089 661 3151 tamquam
683 3082 904 3151 Therapnaea
924 3081 969 3150 (A.
990 3081 1024 3134 A.
1044 3078 1082 3132 iii.
1103 3079 1150 3148 49)
1172 3077 1325 3147 significari

171 3147 280 3216 potuit:
300 3159 344 3204 est
363 3149 439 3204 enim
452 3150 564 3221 θεράπνη
581 3151 736 3222 θεραπαινίς,
749 3151 829 3219 δούλη
844 3149 995 3222 (Hesych.)
1009 3160 1037 3205 et
1054 3151 1173 3219 θεράπνη
1186 3149 1266 3217 ὄνομα
1278 3150 1326 3217 μὲν

170 3219 207 3290 τῷ
225 3219 313 3292 χωρίῳ
330 3220 445 3291 γέγονεν,
458 3222 592 3276 Μενελάου
610 3222 640 3275 δέ
657 3223 730 3276 ἐστιν
748 3223 776 3276 ἒν
793 3223 858 3292 αὐτῇ
875 3223 943 3289 ναός,
956 3221 997 3276 καὶ
1010 3219 1143 3274 Μενέλαον
1161 3221 1201 3274 rui
1216 3217 1325 3288 Ἑλένην

169 3288 280 3344 ἐνταῦθα
298 3292 411 3360 ταφῆναι
427 3292 537 3362 λέγουσι
558 3291 651 3358 (Paus.
670 3291 707 3348 iii.
725 3307 764 3363 19.
777 3292 816 3362 9).
855 3295 955 3363 Itaque
973 3293 1073 3346 Latris
1091 3291 1143 3362 iq.
1167 3290 1325 3362 Therapnis

170 3360 198 3414 h.
212 3376 235 3415 e.
257 3358 295 3430 (1)
317 3362 429 3417 Helena
447 3379 515 3417 rure
537 3363 718 3434 Therapnaeo
735 3371 806 3418 nata
826 3363 907 3432 (Her.
920 3363 973 3417 xvi.
991 3361 1060 3433 196),
1074 3361 1113 3430 (2)
1133 3362 1244 3430 ancilla,
1263 3361 1324 3417 siue

170 3447 244 3500 quae
256 3431 376 3487 ancillae
389 3443 483 3488 uestes
501 3434 620 3504 sumpsit
637 3444 665 3490 et
683 3434 724 3488 sic
741 3445 860 3489 mortem
878 3433 984 3503 effugit.
1022 3432 1098 3502 Quid
1111 3432 1187 3503 quod
1200 3449 1218 3487 a
1230 3434 1325 3487 Theo-

170 3501 253 3557 decte
262 3502 370 3572 tragico
380 3505 435 3558 hoc
444 3504 537 3574 ipsum
546 3507 636 3575 λάτρις
646 3505 801 3560 deHelena
810 3513 975 3574 usurpatum
985 3514 1028 3558 est
1038 3520 1083 3573 ap.
1092 3502 1207 3558 Aristot.
1218 3504 1276 3557 Pol.
1283 3502 1325 3560 i.6

170 3573 252 3625 θείων
264 3570 287 3626 δ’
299 3571 342 3626 ἀπ’
354 3573 453 3644 άμφοῖν
464 3576 569 3645 ἔκγονον
582 3574 739 3644 ῥιζωμάτων,
752 3577 795 3630 Τίς
808 3575 838 3629 ἂν
849 3576 1001 3644 προσειπεῖν
1012 3573 1147 3640 ἀξιώσειεν
1158 3575 1270 3643 λάτριν
1282 3593 1290 3640 ;

207 3644 269 3697 lam
283 3642 356 3699 inter
368 3645 510 3701 adulteras
522 3647 600 3700 nulla
614 3646 726 3700 Helena
738 3645 881 3713 famosior,
895 3661 968 3715 quae
981 3661 1038 3698 non
1052 3644 1143 3697 solum
1158 3645 1322 3698 Menelaum

169 3713 321 3784 reliquerit,
331 3714 425 3769 Paridi
439 3717 574 3786 nupserit,
583 3717 634 3772 sed
647 3734 683 3771 ne
695 3717 751 3770 hoc
763 3716 879 3798 quidem
892 3724 1026 3770 contenta
1036 3713 1197 3783 Deiphobo,
1212 3714 1323 3768 Paridis

169 3783 255 3852 fiatri,
264 3794 328 3855 post
340 3785 423 3840 huius
437 3796 557 3842 mortem
570 3787 701 3853 cesserit3
721 3787 904 3858 Deiphobum
915 3785 1036 3856 denique
1049 3783 1177 3838 immisso
1189 3785 1322 3840 Menelao
1372 3793 1374 3797 ’

168 3854 303 3911 occiderit
319 3855 400 3924 (Aen.
414 3857 451 3911 vi.
466 3857 606 3927 511-530).
1161 3887 1165 3896 ·

204 3927 336 3981 Ad1418.
362 3926 425 3996 Qui
453 3944 492 3982 ue
516 3937 610 3984 tenet
632 3938 776 3999 pontem,
802 3927 856 3998 qui
882 3926 944 3981 tibi
969 3924 1075 3980 maior
1099 3924 1172 3980 erit.
1218 3924 1266 3979 Sic
1291 3934 1321 3979 ut

170 3996 278 4051 scribas
291 4007 318 4052 et
332 3998 368 4052 de
382 3944 497 4053 senibus
517 3998 657 4068 intelligas
675 3999 837 4070 depontatis
855 3998 975 4053 suadent
988 4014 1061 4068 quae
1075 3995 1221 4078 Philippus
1235 3998 1321 4077 Dero-

168 4067 258 4137 aldus,
281 4085 338 4122 non
361 4068 397 4124 de
418 4070 473 4124 hoc
493 4087 577 4125 uersu
597 4070 748 4139 disserens,
768 4069 860 4124 attulit
883 4069 911 4123 in
932 4071 1053 4124 Centum
1071 4068 1321 4133 Annotatronrbus‚

167 4138 214 4192 iol.
229 4145 260 4206 3³
273 4140 401 4194 Macrob.
416 4141 474 4194 Sat.
489 4139 505 4195 i.
522 4153 544 4209 5,
562 4156 594 4194 ιο
610 4141 767 4211 Tamquam
780 4138 1021 4209 sexagenarios
1036 4138 1182 4194 maiores
1194 4139 1228 4192 de
1234 4141 1322 4207 ponte

166 4209 288 4263 deicies?
306 4210 333 4264 h.
343 4227 367 4264 e.
381 4210 502 4266 maiores
516 4211 598 4265 annis
612 4211 767 4281 sexaginta.
796 4213 887 4266 Varro
902 4209 1050 4279 Sexagessi
1065 4226 1110 4279 ap.
1124 4211 1152 4263 N
1155 4225 1200 4262 on.
1214 4223 1274 4277 214,
1288 4209 1318 4262 sr.

167 4279 233 4333 xviii
245 4279 338 4349 Riese,
348 4281 551 4336 Acct'tisumus
560 4281 916 4353 utdepontarei-muradd.
929 4279 1038 4349 Iunius)
1050 4296 1184 4334 murmur
1183 4281 1224 4351 fit
1226 4281 1320 4350 ferus,

197 4491 213 4520 Ι
230 4487 293 4536 Tota
303 4487 378 4536 sabula
390 4489 482 4535 uidetur
496 4489 524 4535 ad
538 4496 629 4549 tempus
643 4489 762 4536 referenda
779 4503 826 4550 quo
840 4485 909 4534 Tusci
920 4488 1048 4549 piraticam
1060 4486 1192 4534 exercebant
1205 4486 1280 4549 (Seru.
1292 4485 1321 4533 ad

165 4553 225 4602 Aen.
239 4570 263 4602 x.
278 4553 356 4616 184);
372 4570 471 4615 quorum
483 4555 605 4602 crudelitas
620 4554 793 4614 Tyrrhenorum
806 4568 891 4601 nomen
903 4554 932 4600 ad
944 4559 1055 4612 tyrannos
1066 4553 1166 4601 deflexit.

731 4635 756 4682 N
