<?xml version="1.0" encoding="UTF-8"?>
<!DOCTYPE html PUBLIC "-//W3C//DTD XHTML 1.0 Transitional//EN"
    "http://www.w3.org/TR/xhtml1/DTD/xhtml1-transitional.dtd">
<html xmlns="http://www.w3.org/1999/xhtml" xml:lang="en" lang="en">
 <head>
  <title>
</title>
<meta http-equiv="Content-Type" content="text/html;charset=utf-8" />
  <meta name='ocr-system' content='tesseract 3.04.00' />
  <meta name='ocr-capabilities' content='ocr_page ocr_carea ocr_par ocr_line ocrx_word'/>
</head>
<body>
  <div class='ocr_page' id='page_1' title='image "./povidiinasonisi01elligoog_0169.png"; bbox 0 0 3312 5200; ppageno 0'>
   <div class='ocr_carea' id='block_1_1' title="bbox 269 434 324 489">
    <p class='ocr_par' dir='ltr' id='par_1_1' title="bbox 269 434 324 489">
     <span class='ocr_line' id='line_1_1' title="bbox 269 434 324 489; baseline 0.036 -2"><span class='ocrx_word' id='word_1_1' title='bbox 269 434 324 489; x_wconf 90' lang='lat'>100</span> 
     </span>
    </p>
   </div>
   <div class='ocr_carea' id='block_1_2' title="bbox 751 425 975 510">
    <p class='ocr_par' dir='ltr' id='par_1_2' title="bbox 751 425 975 510">
     <span class='ocr_line' id='line_1_2' title="bbox 751 425 975 510; baseline -0.018 -23"><span class='ocrx_word' id='word_1_2' title='bbox 751 425 931 488; x_wconf 81' lang='lat' dir='ltr'>seucum</span> <span class='ocrx_word' id='word_1_3' title='bbox 972 503 975 510; x_wconf 16' lang='grc' dir='ltr'><strong><em>Δ</em></strong></span> 
     </span>
    </p>
   </div>
   <div class='ocr_carea' id='block_1_3' title="bbox 268 577 1418 901">
    <p class='ocr_par' dir='ltr' id='par_1_3' title="bbox 268 577 1417 743">
     <span class='ocr_line' id='line_1_3' title="bbox 310 577 1417 662; baseline -0.007 -18"><span class='ocrx_word' id='word_1_4' title='bbox 310 602 378 662; x_wconf 85' lang='lat'><em>599.</em></span> <span class='ocrx_word' id='word_1_5' title='bbox 399 584 644 662; x_wconf 85' lang='lat' dir='ltr'>Diripiantque</span> <span class='ocrx_word' id='word_1_6' title='bbox 665 595 751 644; x_wconf 92' lang='lat' dir='ltr'>tuos.</span> <span class='ocrx_word' id='word_1_7' title='bbox 793 584 914 644; x_wconf 85' lang='lat' dir='ltr'>Dixerat</span> <span class='ocrx_word' id='word_1_8' title='bbox 931 582 1062 660; x_wconf 91' lang='lat' dir='ltr'>superius</span> <span class='ocrx_word' id='word_1_9' title='bbox 1076 581 1113 640; x_wconf 88' lang='lat' dir='ltr'>de</span> <span class='ocrx_word' id='word_1_10' title='bbox 1128 588 1220 640; x_wconf 92' lang='lat' dir='ltr'>morte</span> <span class='ocrx_word' id='word_1_11' title='bbox 1233 578 1354 656; x_wconf 87' lang='lat' dir='ltr'>Orphei,</span> <span class='ocrx_word' id='word_1_12' title='bbox 1369 577 1417 636; x_wconf 93' lang='lat' dir='ltr'>hic</span> 
     </span>
     <span class='ocr_line' id='line_1_4' title="bbox 268 661 1224 743; baseline -0.008 -15"><span class='ocrx_word' id='word_1_13' title='bbox 268 679 367 728; x_wconf 89' lang='lat' dir='ltr'>autem</span> <span class='ocrx_word' id='word_1_14' title='bbox 381 666 418 726; x_wconf 95' lang='lat' dir='ltr'>de</span> <span class='ocrx_word' id='word_1_15' title='bbox 432 684 539 743; x_wconf 82' lang='lat' dir='ltr'>genere</span> <span class='ocrx_word' id='word_1_16' title='bbox 553 667 664 739; x_wconf 86' lang='lat' dir='ltr'>mortis,</span> <span class='ocrx_word' id='word_1_17' title='bbox 679 683 768 741; x_wconf 90' lang='lat' dir='ltr'>quem</span> <span class='ocrx_word' id='word_1_18' title='bbox 782 666 909 724; x_wconf 83' lang='lat' dir='ltr'>mule&#39;eres</span> <span class='ocrx_word' id='word_1_19' title='bbox 922 665 1143 740; x_wconf 87' lang='lat' dir='ltr'>discerpserunt.</span> <span class='ocrx_word' id='word_1_20' title='bbox 1188 661 1224 722; x_wconf 87' lang='lat' dir='ltr'><em>G.</em></span> 
     </span>
    </p>

    <p class='ocr_par' dir='ltr' id='par_1_4' title="bbox 268 741 1418 901">
     <span class='ocr_line' id='line_1_5' title="bbox 310 741 1418 825; baseline -0.009 -17"><span class='ocrx_word' id='word_1_21' title='bbox 310 747 448 825; x_wconf 89' lang='lat' dir='ltr'>Orpheus</span> <span class='ocrx_word' id='word_1_22' title='bbox 460 747 563 824; x_wconf 82' lang='lat' dir='ltr'>Oeagri</span> <span class='ocrx_word' id='word_1_23' title='bbox 578 758 607 806; x_wconf 90' lang='lat' dir='ltr'>et</span> <span class='ocrx_word' id='word_1_24' title='bbox 617 747 762 824; x_wconf 80' lang='lat' dir='ltr'>Calliopes</span> <span class='ocrx_word' id='word_1_25' title='bbox 776 747 850 806; x_wconf 90' lang='lat' dir='ltr'>filius</span> <span class='ocrx_word' id='word_1_26' title='bbox 864 746 1026 805; x_wconf 83' lang='lat' dir='ltr'>castitatem</span> <span class='ocrx_word' id='word_1_27' title='bbox 1036 745 1208 820; x_wconf 90' lang='lat' dir='ltr'>praedicans</span> <span class='ocrx_word' id='word_1_28' title='bbox 1219 744 1250 801; x_wconf 89' lang='lat' dir='ltr'>in</span> <span class='ocrx_word' id='word_1_29' title='bbox 1261 741 1418 806; x_wconf 89' lang='lat' dir='ltr'>†Caucaso</span> 
     </span>
     <span class='ocr_line' id='line_1_6' title="bbox 268 821 1418 901; baseline -0.009 -12"><span class='ocrx_word' id='word_1_30' title='bbox 268 839 378 901; x_wconf 90' lang='lat' dir='ltr'>monte,</span> <span class='ocrx_word' id='word_1_31' title='bbox 401 848 419 888; x_wconf 92' lang='lat' dir='ltr'>a</span> <span class='ocrx_word' id='word_1_32' title='bbox 443 828 610 888; x_wconf 92' lang='lat' dir='ltr'>mulieribus</span> <span class='ocrx_word' id='word_1_33' title='bbox 637 829 712 888; x_wconf 93' lang='lat' dir='ltr'>illius</span> <span class='ocrx_word' id='word_1_34' title='bbox 735 829 794 889; x_wconf 93' lang='lat' dir='ltr'>loci</span> <span class='ocrx_word' id='word_1_35' title='bbox 817 827 993 898; x_wconf 86' lang='lat' dir='ltr'>interiectus,</span> <span class='ocrx_word' id='word_1_36' title='bbox 1019 826 1190 886; x_wconf 87' lang='lat' dir='ltr'>dilaceratus</span> <span class='ocrx_word' id='word_1_37' title='bbox 1214 825 1275 895; x_wconf 80' lang='lat' dir='ltr'>fuit.</span> <span class='ocrx_word' id='word_1_38' title='bbox 1327 821 1418 881; x_wconf 93' lang='lat' dir='ltr'>Ouid.</span> 
     </span>
    </p>
   </div>
   <div class='ocr_carea' id='block_1_4' title="bbox 268 909 492 970">
    <p class='ocr_par' dir='ltr' id='par_1_5' title="bbox 268 909 492 970">
     <span class='ocr_line' id='line_1_7' title="bbox 268 909 492 970; baseline -0.004 0"><span class='ocrx_word' id='word_1_39' title='bbox 268 911 361 970; x_wconf 88' lang='lat' dir='ltr'>Meta.</span> <span class='ocrx_word' id='word_1_40' title='bbox 405 909 440 970; x_wconf 91' lang='lat' dir='ltr'>C.</span> <span class='ocrx_word' id='word_1_41' title='bbox 490 941 492 944; x_wconf 95' lang='lat'>·</span> 
     </span>
    </p>
   </div>
   <div class='ocr_carea' id='block_1_5' title="bbox 268 983 1419 1148">
    <p class='ocr_par' dir='ltr' id='par_1_6' title="bbox 268 983 1419 1148">
     <span class='ocr_line' id='line_1_8' title="bbox 310 983 1419 1068; baseline -0.01 -16"><span class='ocrx_word' id='word_1_42' title='bbox 310 991 447 1068; x_wconf 91' lang='lat' dir='ltr'>Orpheus</span> <span class='ocrx_word' id='word_1_43' title='bbox 465 991 518 1050; x_wconf 87' lang='lat' dir='ltr'>luit</span> <span class='ocrx_word' id='word_1_44' title='bbox 537 990 656 1068; x_wconf 89' lang='lat' dir='ltr'>quidam</span> <span class='ocrx_word' id='word_1_45' title='bbox 675 991 793 1066; x_wconf 92' lang='lat' dir='ltr'>sapiens</span> <span class='ocrx_word' id='word_1_46' title='bbox 812 990 872 1067; x_wconf 94' lang='lat' dir='ltr'>qui,</span> <span class='ocrx_word' id='word_1_47' title='bbox 887 999 1045 1068; x_wconf 86' lang='lat' dir='ltr'>postquam</span> <span class='ocrx_word' id='word_1_48' title='bbox 1059 1005 1181 1047; x_wconf 86' lang='lat' dir='ltr'>uxorem</span> <span class='ocrx_word' id='word_1_49' title='bbox 1196 985 1331 1064; x_wconf 88' lang='lat' dir='ltr'>perdidit,</span> <span class='ocrx_word' id='word_1_50' title='bbox 1346 983 1419 1042; x_wconf 91' lang='lat' dir='ltr'>nulli</span> 
     </span>
     <span class='ocr_line' id='line_1_9' title="bbox 268 1066 1419 1148; baseline -0.008 -16"><span class='ocrx_word' id='word_1_51' title='bbox 268 1073 360 1132; x_wconf 93' lang='lat' dir='ltr'>uoluit</span> <span class='ocrx_word' id='word_1_52' title='bbox 381 1072 545 1131; x_wconf 89' lang='lat' dir='ltr'>adhaerere.</span> <span class='ocrx_word' id='word_1_53' title='bbox 586 1071 665 1131; x_wconf 90' lang='lat' dir='ltr'>unde</span> <span class='ocrx_word' id='word_1_54' title='bbox 688 1071 861 1132; x_wconf 89' lang='lat' dir='ltr'>Strimoniae</span> <span class='ocrx_word' id='word_1_55' title='bbox 883 1071 1017 1130; x_wconf 89' lang='lat' dir='ltr'>mulieres</span> <span class='ocrx_word' id='word_1_56' title='bbox 1037 1071 1134 1148; x_wconf 90' lang='lat' dir='ltr'>ipsum</span> <span class='ocrx_word' id='word_1_57' title='bbox 1155 1069 1331 1139; x_wconf 92' lang='lat' dir='ltr'>ceciderunt,</span> <span class='ocrx_word' id='word_1_58' title='bbox 1349 1066 1419 1142; x_wconf 90' lang='lat' dir='ltr'>quia</span> 
     </span>
    </p>
   </div>
   <div class='ocr_carea' id='block_1_6' title="bbox 268 1153 823 1392">
    <p class='ocr_par' dir='ltr' id='par_1_7' title="bbox 268 1153 823 1392">
     <span class='ocr_line' id='line_1_10' title="bbox 268 1153 642 1232; baseline 0.003 -21"><span class='ocrx_word' id='word_1_59' title='bbox 268 1153 402 1232; x_wconf 90' lang='lat' dir='ltr'>pulcrum</span> <span class='ocrx_word' id='word_1_60' title='bbox 415 1154 562 1213; x_wconf 91' lang='lat' dir='ltr'>uidebant.</span> <span class='ocrx_word' id='word_1_61' title='bbox 603 1154 642 1212; x_wconf 88' lang='lat' dir='ltr'><em>P.</em></span> 
     </span>
     <span class='ocr_line' id='line_1_11' title="bbox 311 1233 822 1294; baseline -0.002 -2"><span class='ocrx_word' id='word_1_62' title='bbox 311 1237 379 1294; x_wconf 87' lang='lat'>601.</span> <span class='ocrx_word' id='word_1_63' title='bbox 402 1236 512 1294; x_wconf 89' lang='lat' dir='ltr'>Natus</span> <span class='ocrx_word' id='word_1_64' title='bbox 527 1244 562 1293; x_wconf 94' lang='lat' dir='ltr'>ut</span> <span class='ocrx_word' id='word_1_65' title='bbox 576 1234 735 1293; x_wconf 81' lang='lat' dir='ltr'>Altheae.</span> <span class='ocrx_word' id='word_1_66' title='bbox 775 1233 822 1291; x_wconf 91' lang='lat' dir='ltr'>De</span> 
     </span>
     <span class='ocr_line' id='line_1_12' title="bbox 270 1313 823 1392; baseline 0 -18"><span class='ocrx_word' id='word_1_67' title='bbox 270 1315 422 1392; x_wconf 85' lang='lat' dir='ltr'>Meleagro</span> <span class='ocrx_word' id='word_1_68' title='bbox 433 1325 461 1375; x_wconf 90' lang='lat' dir='ltr'>et</span> <span class='ocrx_word' id='word_1_69' title='bbox 473 1316 578 1374; x_wconf 85' lang='lat' dir='ltr'>Althea</span> <span class='ocrx_word' id='word_1_70' title='bbox 593 1327 682 1374; x_wconf 87' lang='lat' dir='ltr'>matre</span> <span class='ocrx_word' id='word_1_71' title='bbox 693 1318 761 1374; x_wconf 76' lang='lat' dir='ltr'>etius.</span> <span class='ocrx_word' id='word_1_72' title='bbox 786 1313 823 1374; x_wconf 87' lang='lat' dir='ltr'>G.</span> 
     </span>
    </p>
   </div>
   <div class='ocr_carea' id='block_1_7' title="bbox 272 1720 827 2282">
    <p class='ocr_par' dir='ltr' id='par_1_8' title="bbox 272 1720 826 2105">
     <span class='ocr_line' id='line_1_13' title="bbox 313 1720 822 1796; baseline 0.004 -18"><span class='ocrx_word' id='word_1_73' title='bbox 313 1723 382 1796; x_wconf 89' lang='lat'><strong>603.</strong></span> <span class='ocrx_word' id='word_1_74' title='bbox 425 1720 470 1779; x_wconf 91' lang='lat' dir='ltr'>Vt</span> <span class='ocrx_word' id='word_1_75' title='bbox 511 1738 602 1779; x_wconf 91' lang='lat' dir='ltr'>noua</span> <span class='ocrx_word' id='word_1_76' title='bbox 643 1720 822 1780; x_wconf 90' lang='lat' dir='ltr'>Phasiaca.</span> 
     </span>
     <span class='ocr_line' id='line_1_14' title="bbox 272 1801 826 1879; baseline -0.002 -18"><span class='ocrx_word' id='word_1_77' title='bbox 272 1801 389 1872; x_wconf 90' lang='lat' dir='ltr'>Medea,</span> <span class='ocrx_word' id='word_1_78' title='bbox 414 1803 513 1860; x_wconf 89' lang='lat' dir='ltr'>relicta</span> <span class='ocrx_word' id='word_1_79' title='bbox 534 1821 553 1861; x_wconf 88' lang='lat' dir='ltr'>a</span> <span class='ocrx_word' id='word_1_80' title='bbox 573 1802 682 1862; x_wconf 89' lang='lat' dir='ltr'>Iasone</span> <span class='ocrx_word' id='word_1_81' title='bbox 707 1813 826 1879; x_wconf 89' lang='lat' dir='ltr'>propter</span> 
     </span>
     <span class='ocr_line' id='line_1_15' title="bbox 272 1882 825 1960; baseline 0 -18"><span class='ocrx_word' id='word_1_82' title='bbox 272 1883 416 1942; x_wconf 89' lang='lat' dir='ltr'>Creusam</span> <span class='ocrx_word' id='word_1_83' title='bbox 446 1883 534 1941; x_wconf 88' lang='lat' dir='ltr'>filiam</span> <span class='ocrx_word' id='word_1_84' title='bbox 561 1882 699 1956; x_wconf 85' lang='lat' dir='ltr'>Creontis,</span> <span class='ocrx_word' id='word_1_85' title='bbox 731 1884 825 1960; x_wconf 88' lang='lat' dir='ltr'>ipsam</span> 
     </span>
     <span class='ocr_line' id='line_1_16' title="bbox 272 1964 826 2040; baseline 0.002 -17"><span class='ocrx_word' id='word_1_86' title='bbox 272 1983 340 2023; x_wconf 91' lang='lat' dir='ltr'>cum</span> <span class='ocrx_word' id='word_1_87' title='bbox 372 1973 453 2040; x_wconf 88' lang='lat' dir='ltr'>patre</span> <span class='ocrx_word' id='word_1_88' title='bbox 482 1982 536 2022; x_wconf 92' lang='lat' dir='ltr'>suo</span> <span class='ocrx_word' id='word_1_89' title='bbox 567 1974 596 2023; x_wconf 92' lang='lat' dir='ltr'>et</span> <span class='ocrx_word' id='word_1_90' title='bbox 625 1975 688 2024; x_wconf 91' lang='lat' dir='ltr'>tota</span> <span class='ocrx_word' id='word_1_91' title='bbox 717 1964 826 2024; x_wconf 86' lang='lat' dir='ltr'>familia</span> 
     </span>
     <span class='ocr_line' id='line_1_17' title="bbox 272 2043 524 2105; baseline -0.008 0"><span class='ocrx_word' id='word_1_92' title='bbox 272 2045 441 2105; x_wconf 90' lang='lat' dir='ltr'>combussit.</span> <span class='ocrx_word' id='word_1_93' title='bbox 487 2043 524 2103; x_wconf 78' lang='lat' dir='ltr'><em>G.</em></span> 
     </span>
    </p>

    <p class='ocr_par' dir='ltr' id='par_1_9' title="bbox 273 2125 827 2282">
     <span class='ocr_line' id='line_1_18' title="bbox 315 2125 827 2197; baseline 0.002 -13"><span class='ocrx_word' id='word_1_94' title='bbox 315 2143 457 2184; x_wconf 90' lang='lat' dir='ltr'>corona.</span> <span class='ocrx_word' id='word_1_95' title='bbox 500 2125 598 2197; x_wconf 91' lang='lat' dir='ltr'>Quam</span> <span class='ocrx_word' id='word_1_96' title='bbox 619 2125 728 2186; x_wconf 90' lang='lat' dir='ltr'>Medea</span> <span class='ocrx_word' id='word_1_97' title='bbox 750 2126 827 2186; x_wconf 90' lang='lat' dir='ltr'>misit</span> 
     </span>
     <span class='ocr_line' id='line_1_19' title="bbox 273 2207 746 2282; baseline 0.002 -16"><span class='ocrx_word' id='word_1_98' title='bbox 273 2207 319 2280; x_wconf 89' lang='lat' dir='ltr'>ei;</span> <span class='ocrx_word' id='word_1_99' title='bbox 341 2224 432 2282; x_wconf 89' lang='lat' dir='ltr'>aqua</span> <span class='ocrx_word' id='word_1_100' title='bbox 447 2208 599 2266; x_wconf 88' lang='lat' dir='ltr'>combusta</span> <span class='ocrx_word' id='word_1_101' title='bbox 614 2217 666 2268; x_wconf 90' lang='lat' dir='ltr'>est.</span> <span class='ocrx_word' id='word_1_102' title='bbox 708 2207 746 2267; x_wconf 84' lang='lat' dir='ltr'><em>G.</em></span> 
     </span>
    </p>
   </div>
   <div class='ocr_carea' id='block_1_8' title="bbox 274 2368 827 2592">
    <p class='ocr_par' dir='ltr' id='par_1_10' title="bbox 274 2368 827 2592">
     <span class='ocr_line' id='line_1_20' title="bbox 317 2368 826 2442; baseline 0.006 -16"><span class='ocrx_word' id='word_1_103' title='bbox 317 2371 386 2442; x_wconf 86' lang='lat'><em>605.</em></span> <span class='ocrx_word' id='word_1_104' title='bbox 416 2368 461 2427; x_wconf 78' lang='lat' dir='ltr'>Vt</span> <span class='ocrx_word' id='word_1_105' title='bbox 492 2385 593 2428; x_wconf 91' lang='lat' dir='ltr'>cruor</span> <span class='ocrx_word' id='word_1_106' title='bbox 621 2369 826 2430; x_wconf 86' lang='lat' dir='ltr'>Herculeos.</span> 
     </span>
     <span class='ocr_line' id='line_1_21' title="bbox 275 2450 827 2527; baseline -0.004 -17"><span class='ocrx_word' id='word_1_107' title='bbox 275 2451 388 2510; x_wconf 91' lang='lat' dir='ltr'>Notum</span> <span class='ocrx_word' id='word_1_108' title='bbox 409 2460 454 2509; x_wconf 91' lang='lat' dir='ltr'>est</span> <span class='ocrx_word' id='word_1_109' title='bbox 476 2450 597 2527; x_wconf 89' lang='lat' dir='ltr'>qualiter</span> <span class='ocrx_word' id='word_1_110' title='bbox 620 2451 763 2510; x_wconf 92' lang='lat' dir='ltr'>Hercules</span> <span class='ocrx_word' id='word_1_111' title='bbox 785 2451 827 2509; x_wconf 92' lang='lat' dir='ltr'>in-</span> 
     </span>
     <span class='ocr_line' id='line_1_22' title="bbox 274 2531 711 2592; baseline 0.005 -2"><span class='ocrx_word' id='word_1_112' title='bbox 274 2532 366 2591; x_wconf 88' lang='lat' dir='ltr'>terula</span> <span class='ocrx_word' id='word_1_113' title='bbox 379 2531 469 2591; x_wconf 89' lang='lat' dir='ltr'>missa</span> <span class='ocrx_word' id='word_1_114' title='bbox 483 2532 627 2592; x_wconf 87' lang='lat' dir='ltr'>interierit</span> <span class='ocrx_word' id='word_1_115' title='bbox 674 2531 711 2592; x_wconf 89' lang='lat' dir='ltr'>G.</span> 
     </span>
    </p>
   </div>
   <div class='ocr_carea' id='block_1_9' title="bbox 866 1229 1428 3014">
    <p class='ocr_par' dir='ltr' id='par_1_11' title="bbox 866 1229 1421 1699">
     <span class='ocr_line' id='line_1_23' title="bbox 906 1229 1419 1310; baseline -0.01 -19"><span class='ocrx_word' id='word_1_116' title='bbox 906 1232 1056 1310; x_wconf 89' lang='lat' dir='ltr'>Meleager</span> <span class='ocrx_word' id='word_1_117' title='bbox 1066 1231 1188 1290; x_wconf 77' lang='lat' dir='ltr'>Altheae</span> <span class='ocrx_word' id='word_1_118' title='bbox 1199 1239 1228 1288; x_wconf 92' lang='lat' dir='ltr'>et</span> <span class='ocrx_word' id='word_1_119' title='bbox 1241 1229 1330 1288; x_wconf 85' lang='lat' dir='ltr'>Oenei</span> <span class='ocrx_word' id='word_1_120' title='bbox 1340 1229 1419 1303; x_wconf 89' lang='lat' dir='ltr'>regis</span> 
     </span>
     <span class='ocr_line' id='line_1_24' title="bbox 866 1311 1419 1388; baseline -0.016 -13"><span class='ocrx_word' id='word_1_121' title='bbox 866 1315 1036 1375; x_wconf 85' lang='lat' dir='ltr'>Calidoniae</span> <span class='ocrx_word' id='word_1_122' title='bbox 1053 1313 1128 1373; x_wconf 88' lang='lat' dir='ltr'>filius</span> <span class='ocrx_word' id='word_1_123' title='bbox 1144 1311 1222 1370; x_wconf 84' lang='lat' dir='ltr'>fatali</span> <span class='ocrx_word' id='word_1_124' title='bbox 1244 1311 1340 1388; x_wconf 88' lang='lat' dir='ltr'>stipite</span> <span class='ocrx_word' id='word_1_125' title='bbox 1357 1311 1419 1385; x_wconf 90' lang='lat' dir='ltr'>igni</span> 
     </span>
     <span class='ocr_line' id='line_1_25' title="bbox 866 1392 1421 1472; baseline -0.013 -17"><span class='ocrx_word' id='word_1_126' title='bbox 866 1407 988 1455; x_wconf 89' lang='lat' dir='ltr'>amatre</span> <span class='ocrx_word' id='word_1_127' title='bbox 1003 1395 1139 1472; x_wconf 91' lang='lat' dir='ltr'>imposito</span> <span class='ocrx_word' id='word_1_128' title='bbox 1154 1392 1269 1452; x_wconf 91' lang='lat' dir='ltr'>occisus</span> <span class='ocrx_word' id='word_1_129' title='bbox 1284 1401 1336 1462; x_wconf 92' lang='lat' dir='ltr'>est,</span> <span class='ocrx_word' id='word_1_130' title='bbox 1351 1392 1421 1467; x_wconf 94' lang='lat' dir='ltr'>quia</span> 
     </span>
     <span class='ocr_line' id='line_1_26' title="bbox 866 1474 1421 1550; baseline -0.011 -14"><span class='ocrx_word' id='word_1_131' title='bbox 866 1478 966 1536; x_wconf 84' lang='lat' dir='ltr'>fratres</span> <span class='ocrx_word' id='word_1_132' title='bbox 987 1495 1055 1536; x_wconf 90' lang='lat' dir='ltr'>suae</span> <span class='ocrx_word' id='word_1_133' title='bbox 1078 1476 1176 1534; x_wconf 87' lang='lat' dir='ltr'>matris</span> <span class='ocrx_word' id='word_1_134' title='bbox 1196 1474 1366 1550; x_wconf 84' lang='lat' dir='ltr'>Toxippum</span> <span class='ocrx_word' id='word_1_135' title='bbox 1391 1481 1421 1530; x_wconf 91' lang='lat' dir='ltr'>et</span> 
     </span>
     <span class='ocr_line' id='line_1_27' title="bbox 866 1553 1420 1636; baseline -0.013 -18"><span class='ocrx_word' id='word_1_136' title='bbox 866 1559 1043 1636; x_wconf 85' lang='lat' dir='ltr'>Plexippum</span> <span class='ocrx_word' id='word_1_137' title='bbox 1089 1553 1280 1616; x_wconf 84' lang='lat' dir='ltr'>interiecerat.</span> <span class='ocrx_word' id='word_1_138' title='bbox 1351 1553 1420 1613; x_wconf 92' lang='lat' dir='ltr'>Oui.</span> 
     </span>
     <span class='ocr_line' id='line_1_28' title="bbox 867 1638 1037 1699; baseline -0.006 0"><span class='ocrx_word' id='word_1_139' title='bbox 867 1639 957 1699; x_wconf 90' lang='lat' dir='ltr'>Meta.</span> <span class='ocrx_word' id='word_1_140' title='bbox 1001 1638 1037 1698; x_wconf 91' lang='lat' dir='ltr'>C.</span> 
     </span>
    </p>

    <p class='ocr_par' dir='ltr' id='par_1_12' title="bbox 866 1714 1423 2368">
     <span class='ocr_line' id='line_1_29' title="bbox 906 1714 1421 1792; baseline -0.014 -13"><span class='ocrx_word' id='word_1_141' title='bbox 906 1721 1003 1792; x_wconf 89' lang='lat' dir='ltr'>Iason,</span> <span class='ocrx_word' id='word_1_142' title='bbox 1016 1720 1114 1779; x_wconf 89' lang='lat' dir='ltr'>relicta</span> <span class='ocrx_word' id='word_1_143' title='bbox 1124 1718 1239 1785; x_wconf 88' lang='lat' dir='ltr'>Medea,</span> <span class='ocrx_word' id='word_1_144' title='bbox 1250 1714 1421 1792; x_wconf 84' lang='lat' dir='ltr'>superduxit</span> 
     </span>
     <span class='ocr_line' id='line_1_30' title="bbox 867 1796 1421 1878; baseline -0.014 -16"><span class='ocrx_word' id='word_1_145' title='bbox 867 1802 1007 1874; x_wconf 89' lang='lat' dir='ltr'>Glaucen,</span> <span class='ocrx_word' id='word_1_146' title='bbox 1025 1820 1100 1878; x_wconf 92' lang='lat' dir='ltr'>quae</span> <span class='ocrx_word' id='word_1_147' title='bbox 1114 1819 1132 1858; x_wconf 88' lang='lat' dir='ltr'>a</span> <span class='ocrx_word' id='word_1_148' title='bbox 1148 1798 1323 1876; x_wconf 90' lang='lat' dir='ltr'>quibusdam</span> <span class='ocrx_word' id='word_1_149' title='bbox 1341 1796 1421 1855; x_wconf 91' lang='lat' dir='ltr'>dice·</span> 
     </span>
     <span class='ocr_line' id='line_1_31' title="bbox 866 1878 1422 1958; baseline -0.014 -16"><span class='ocrx_word' id='word_1_150' title='bbox 866 1886 950 1943; x_wconf 90' lang='lat' dir='ltr'>batur</span> <span class='ocrx_word' id='word_1_151' title='bbox 964 1883 1083 1952; x_wconf 89' lang='lat' dir='ltr'>Creusa,</span> <span class='ocrx_word' id='word_1_152' title='bbox 1097 1883 1197 1958; x_wconf 89' lang='lat' dir='ltr'>magni</span> <span class='ocrx_word' id='word_1_153' title='bbox 1216 1880 1293 1955; x_wconf 88' lang='lat' dir='ltr'>regis</span> <span class='ocrx_word' id='word_1_154' title='bbox 1308 1878 1422 1937; x_wconf 89' lang='lat' dir='ltr'>Creon·</span> 
     </span>
     <span class='ocr_line' id='line_1_32' title="bbox 866 1954 1422 2036; baseline -0.014 -12"><span class='ocrx_word' id='word_1_155' title='bbox 866 1967 902 2024; x_wconf 87' lang='lat' dir='ltr'>tir</span> <span class='ocrx_word' id='word_1_156' title='bbox 913 1965 980 2036; x_wconf 87' lang='lat' dir='ltr'>filia,</span> <span class='ocrx_word' id='word_1_157' title='bbox 988 1964 1066 2023; x_wconf 93' lang='lat' dir='ltr'>unde</span> <span class='ocrx_word' id='word_1_158' title='bbox 1078 1954 1186 2021; x_wconf 88' lang='lat' dir='ltr'>Medea</span> <span class='ocrx_word' id='word_1_159' title='bbox 1196 1963 1267 2020; x_wconf 87' lang='lat' dir='ltr'>irata</span> <span class='ocrx_word' id='word_1_160' title='bbox 1278 1977 1422 2019; x_wconf 91' lang='lat' dir='ltr'>coronam</span> 
     </span>
     <span class='ocr_line' id='line_1_33' title="bbox 869 2040 1423 2126; baseline -0.011 -23"><span class='ocrx_word' id='word_1_161' title='bbox 869 2040 1085 2126; x_wconf 84' lang='lat' dir='ltr'>[in]toxicatam</span> <span class='ocrx_word' id='word_1_162' title='bbox 1106 2043 1234 2103; x_wconf 89' lang='lat' dir='ltr'>Glaucae</span> <span class='ocrx_word' id='word_1_163' title='bbox 1255 2042 1339 2112; x_wconf 83' lang='lat' dir='ltr'>misit,</span> <span class='ocrx_word' id='word_1_164' title='bbox 1363 2059 1423 2117; x_wconf 92' lang='lat' dir='ltr'>qua</span> 
     </span>
     <span class='ocr_line' id='line_1_34' title="bbox 868 2123 1423 2200; baseline -0.013 -14"><span class='ocrx_word' id='word_1_165' title='bbox 868 2127 970 2186; x_wconf 90' lang='lat' dir='ltr'>induta</span> <span class='ocrx_word' id='word_1_166' title='bbox 981 2126 1092 2186; x_wconf 88' lang='lat' dir='ltr'>Glauce</span> <span class='ocrx_word' id='word_1_167' title='bbox 1107 2135 1136 2184; x_wconf 89' lang='lat' dir='ltr'>et</span> <span class='ocrx_word' id='word_1_168' title='bbox 1150 2125 1249 2184; x_wconf 90' lang='lat' dir='ltr'>Creon</span> <span class='ocrx_word' id='word_1_169' title='bbox 1263 2133 1345 2200; x_wconf 89' lang='lat' dir='ltr'>pater</span> <span class='ocrx_word' id='word_1_170' title='bbox 1359 2123 1423 2180; x_wconf 93' lang='lat' dir='ltr'>eius</span> 
     </span>
     <span class='ocr_line' id='line_1_35' title="bbox 870 2199 1423 2282; baseline -0.013 -14"><span class='ocrx_word' id='word_1_171' title='bbox 870 2220 899 2268; x_wconf 91' lang='lat' dir='ltr'>et</span> <span class='ocrx_word' id='word_1_172' title='bbox 918 2218 978 2267; x_wconf 89' lang='lat' dir='ltr'>tota</span> <span class='ocrx_word' id='word_1_173' title='bbox 999 2208 1104 2267; x_wconf 89' lang='lat' dir='ltr'>domus</span> <span class='ocrx_word' id='word_1_174' title='bbox 1126 2207 1280 2265; x_wconf 89' lang='lat' dir='ltr'>combusta</span> <span class='ocrx_word' id='word_1_175' title='bbox 1301 2214 1353 2276; x_wconf 89' lang='lat' dir='ltr'>est,</span> <span class='ocrx_word' id='word_1_176' title='bbox 1377 2199 1423 2282; x_wconf 86' lang='lat' dir='ltr'>[ut</span> 
     </span>
     <span class='ocr_line' id='line_1_36' title="bbox 869 2286 1260 2368; baseline -0.008 -20"><span class='ocrx_word' id='word_1_177' title='bbox 869 2286 921 2368; x_wconf 87' lang='lat' dir='ltr'>ait]</span> <span class='ocrx_word' id='word_1_178' title='bbox 937 2288 1068 2348; x_wconf 92' lang='lat' dir='ltr'>Ouidius.</span> <span class='ocrx_word' id='word_1_179' title='bbox 1113 2287 1141 2347; x_wconf 88' lang='lat' dir='ltr'>C</span> <span class='ocrx_word' id='word_1_180' title='bbox 1152 2286 1260 2346; x_wconf 79' lang='lat' dir='ltr'>etAsk.</span> 
     </span>
    </p>

    <p class='ocr_par' dir='ltr' id='par_1_13' title="bbox 869 2365 1428 3014">
     <span class='ocr_line' id='line_1_37' title="bbox 910 2365 1424 2446; baseline -0.012 -17"><span class='ocrx_word' id='word_1_181' title='bbox 910 2371 1030 2442; x_wconf 79' lang='lat' dir='ltr'>NessuS,</span> <span class='ocrx_word' id='word_1_182' title='bbox 1049 2387 1204 2446; x_wconf 92' lang='lat' dir='ltr'>percussus</span> <span class='ocrx_word' id='word_1_183' title='bbox 1223 2367 1328 2443; x_wconf 89' lang='lat' dir='ltr'>sagitta</span> <span class='ocrx_word' id='word_1_184' title='bbox 1344 2365 1424 2424; x_wconf 91' lang='lat' dir='ltr'>Her·</span> 
     </span>
     <span class='ocr_line' id='line_1_38' title="bbox 869 2451 1425 2524; baseline -0.013 -13"><span class='ocrx_word' id='word_1_185' title='bbox 869 2453 949 2524; x_wconf 90' lang='lat' dir='ltr'>culis,</span> <span class='ocrx_word' id='word_1_186' title='bbox 968 2453 1118 2510; x_wconf 85' lang='lat' dir='ltr'>inuentam</span> <span class='ocrx_word' id='word_1_187' title='bbox 1135 2451 1286 2510; x_wconf 84' lang='lat' dir='ltr'>camisiam</span> <span class='ocrx_word' id='word_1_188' title='bbox 1305 2464 1425 2506; x_wconf 88' lang='lat' dir='ltr'>ueneno</span> 
     </span>
     <span class='ocr_line' id='line_1_39' title="bbox 870 2531 1426 2609; baseline -0.014 -17"><span class='ocrx_word' id='word_1_189' title='bbox 870 2535 995 2609; x_wconf 86' lang='lat' dir='ltr'>sagittae</span> <span class='ocrx_word' id='word_1_190' title='bbox 1005 2533 1156 2591; x_wconf 89' lang='lat' dir='ltr'>intinctam</span> <span class='ocrx_word' id='word_1_191' title='bbox 1167 2531 1323 2589; x_wconf 87' lang='lat' dir='ltr'>Deianirae</span> <span class='ocrx_word' id='word_1_192' title='bbox 1334 2545 1426 2606; x_wconf 87' lang='lat' dir='ltr'>quam</span> 
     </span>
     <span class='ocr_line' id='line_1_40' title="bbox 869 2611 1425 2691; baseline -0.013 -17"><span class='ocrx_word' id='word_1_193' title='bbox 869 2624 1004 2691; x_wconf 87' lang='lat' dir='ltr'>rapuerat</span> <span class='ocrx_word' id='word_1_194' title='bbox 1017 2614 1104 2684; x_wconf 88' lang='lat' dir='ltr'>dedit,</span> <span class='ocrx_word' id='word_1_195' title='bbox 1119 2613 1219 2673; x_wconf 91' lang='lat' dir='ltr'>dicens</span> <span class='ocrx_word' id='word_1_196' title='bbox 1234 2611 1316 2688; x_wconf 95' lang='lat' dir='ltr'>quod</span> <span class='ocrx_word' id='word_1_197' title='bbox 1333 2612 1425 2668; x_wconf 85' lang='lat' dir='ltr'>irrita·</span> 
     </span>
     <span class='ocr_line' id='line_1_41' title="bbox 871 2690 1424 2754; baseline -0.013 0"><span class='ocrx_word' id='word_1_198' title='bbox 871 2706 1002 2754; x_wconf 91' lang='lat' dir='ltr'>mentum</span> <span class='ocrx_word' id='word_1_199' title='bbox 1026 2695 1134 2753; x_wconf 89' lang='lat' dir='ltr'>amoris</span> <span class='ocrx_word' id='word_1_200' title='bbox 1157 2695 1183 2752; x_wconf 91' lang='lat' dir='ltr'>ei</span> <span class='ocrx_word' id='word_1_201' title='bbox 1208 2694 1328 2752; x_wconf 83' lang='lat' dir='ltr'>camisia</span> <span class='ocrx_word' id='word_1_202' title='bbox 1351 2690 1424 2749; x_wconf 89' lang='lat' dir='ltr'>erit:</span> 
     </span>
     <span class='ocr_line' id='line_1_42' title="bbox 873 2772 1425 2852; baseline -0.007 -18"><span class='ocrx_word' id='word_1_203' title='bbox 873 2795 963 2852; x_wconf 91' lang='lat' dir='ltr'>quam</span> <span class='ocrx_word' id='word_1_204' title='bbox 982 2777 1047 2852; x_wconf 91' lang='lat' dir='ltr'>ipsa</span> <span class='ocrx_word' id='word_1_205' title='bbox 1066 2777 1144 2834; x_wconf 89' lang='lat' dir='ltr'>misit</span> <span class='ocrx_word' id='word_1_206' title='bbox 1161 2774 1283 2834; x_wconf 89' lang='lat' dir='ltr'>Herculi</span> <span class='ocrx_word' id='word_1_207' title='bbox 1303 2792 1356 2850; x_wconf 91' lang='lat' dir='ltr'>per</span> <span class='ocrx_word' id='word_1_208' title='bbox 1374 2772 1425 2830; x_wconf 86' lang='lat' dir='ltr'>Li-</span> 
     </span>
     <span class='ocr_line' id='line_1_43' title="bbox 872 2856 1428 2934; baseline -0.007 -18"><span class='ocrx_word' id='word_1_209' title='bbox 872 2876 938 2916; x_wconf 91' lang='lat' dir='ltr'>cam</span> <span class='ocrx_word' id='word_1_210' title='bbox 967 2859 1035 2934; x_wconf 92' lang='lat' dir='ltr'>quia</span> <span class='ocrx_word' id='word_1_211' title='bbox 1062 2858 1126 2933; x_wconf 90' lang='lat' dir='ltr'>ipse</span> <span class='ocrx_word' id='word_1_212' title='bbox 1154 2857 1300 2915; x_wconf 88' lang='lat' dir='ltr'>dimiserat</span> <span class='ocrx_word' id='word_1_213' title='bbox 1330 2856 1428 2930; x_wconf 89' lang='lat' dir='ltr'>ipsam</span> 
     </span>
     <span class='ocr_line' id='line_1_44' title="bbox 872 2935 1330 3014; baseline -0.009 -17"><span class='ocrx_word' id='word_1_214' title='bbox 872 2957 927 3014; x_wconf 91' lang='lat' dir='ltr'>pro</span> <span class='ocrx_word' id='word_1_215' title='bbox 942 2939 1011 3010; x_wconf 90' lang='lat' dir='ltr'>Iole,</span> <span class='ocrx_word' id='word_1_216' title='bbox 1027 2948 1059 2998; x_wconf 92' lang='lat' dir='ltr'>ut</span> <span class='ocrx_word' id='word_1_217' title='bbox 1073 2939 1101 2997; x_wconf 93' lang='lat' dir='ltr'>d.</span> <span class='ocrx_word' id='word_1_218' title='bbox 1118 2937 1249 2996; x_wconf 82' lang='lat' dir='ltr'>Ouidius</span> <span class='ocrx_word' id='word_1_219' title='bbox 1295 2935 1330 2996; x_wconf 89' lang='lat' dir='ltr'>C.</span> 
     </span>
    </p>
   </div>
   <div class='ocr_carea' id='block_1_10' title="bbox 319 3017 1427 3097">
    <p class='ocr_par' dir='ltr' id='par_1_14' title="bbox 319 3017 1427 3097">
     <span class='ocr_line' id='line_1_45' title="bbox 319 3017 1427 3097; baseline -0.001 -21"><span class='ocrx_word' id='word_1_220' title='bbox 319 3021 387 3093; x_wconf 84' lang='lat'><em>607.</em></span> <span class='ocrx_word' id='word_1_221' title='bbox 410 3018 486 3091; x_wconf 86' lang='lat' dir='ltr'>Qua</span> <span class='ocrx_word' id='word_1_222' title='bbox 508 3037 568 3078; x_wconf 89' lang='lat' dir='ltr'>sua</span> <span class='ocrx_word' id='word_1_223' title='bbox 585 3017 822 3079; x_wconf 90' lang='lat' dir='ltr'>Penthaliden.</span> <span class='ocrx_word' id='word_1_224' title='bbox 866 3019 1008 3097; x_wconf 88' lang='lat' dir='ltr'>Licurgus</span> <span class='ocrx_word' id='word_1_225' title='bbox 1022 3020 1096 3078; x_wconf 90' lang='lat' dir='ltr'>filius</span> <span class='ocrx_word' id='word_1_226' title='bbox 1112 3019 1236 3078; x_wconf 85' lang='lat' dir='ltr'>Penthili</span> <span class='ocrx_word' id='word_1_227' title='bbox 1250 3019 1287 3076; x_wconf 88' lang='lat' dir='ltr'>ab</span> <span class='ocrx_word' id='word_1_228' title='bbox 1302 3017 1427 3075; x_wconf 82' lang='lat' dir='ltr'>immicis</span> 
     </span>
    </p>
   </div>
   <div class='ocr_carea' id='block_1_11' title="bbox 314 3183 1241 3252">
    <p class='ocr_par' dir='ltr' id='par_1_15' title="bbox 314 3183 1241 3252">
     <span class='ocr_line' id='line_1_46' title="bbox 314 3183 1241 3252; baseline 0.005 -17"><span class='ocrx_word' id='word_1_229' title='bbox 314 3199 375 3247; x_wconf 86' lang='lat'><em>599.</em></span> <span class='ocrx_word' id='word_1_230' title='bbox 394 3183 554 3236; x_wconf 89' lang='lat' dir='ltr'>meretrices</span> <span class='ocrx_word' id='word_1_231' title='bbox 568 3184 592 3237; x_wconf 85' lang='lat' dir='ltr'><strong><em>G</em></strong></span> <span class='ocrx_word' id='word_1_232' title='bbox 663 3183 752 3250; x_wconf 88' lang='lat' dir='ltr'>oragri</span> <span class='ocrx_word' id='word_1_233' title='bbox 765 3188 793 3237; x_wconf 91' lang='lat' dir='ltr'>et</span> <span class='ocrx_word' id='word_1_234' title='bbox 806 3183 950 3252; x_wconf 87' lang='lat' dir='ltr'>caliopisG</span> <span class='ocrx_word' id='word_1_235' title='bbox 1020 3186 1084 3238; x_wconf 85' lang='lat' dir='ltr'>Met.</span> <span class='ocrx_word' id='word_1_236' title='bbox 1096 3186 1148 3238; x_wconf 87' lang='lat' dir='ltr'>XI.</span> <span class='ocrx_word' id='word_1_237' title='bbox 1165 3186 1241 3247; x_wconf 87' lang='lat'><em>1-67.</em></span> 
     </span>
    </p>
   </div>
   <div class='ocr_carea' id='block_1_12' title="bbox 315 3251 962 3323">
    <p class='ocr_par' dir='ltr' id='par_1_16' title="bbox 315 3251 962 3323">
     <span class='ocr_line' id='line_1_47' title="bbox 315 3251 962 3323; baseline 0.011 -20"><span class='ocrx_word' id='word_1_238' title='bbox 315 3255 376 3305; x_wconf 71' lang='lat'><em>601.</em></span> <span class='ocrx_word' id='word_1_239' title='bbox 395 3251 466 3305; x_wconf 87' lang='lat' dir='ltr'>altea</span> <span class='ocrx_word' id='word_1_240' title='bbox 483 3255 506 3306; x_wconf 87' lang='lat' dir='ltr'><em>G</em></span> <span class='ocrx_word' id='word_1_241' title='bbox 592 3251 655 3323; x_wconf 83' lang='lat' dir='ltr'>eius]</span> <span class='ocrx_word' id='word_1_242' title='bbox 674 3269 723 3306; x_wconf 88' lang='lat' dir='ltr'>sua</span> <span class='ocrx_word' id='word_1_243' title='bbox 743 3255 767 3307; x_wconf 88' lang='lat' dir='ltr'><em>G</em></span> <span class='ocrx_word' id='word_1_244' title='bbox 850 3255 921 3308; x_wconf 90' lang='lat' dir='ltr'>altee</span> <span class='ocrx_word' id='word_1_245' title='bbox 940 3257 962 3310; x_wconf 86' lang='lat' dir='ltr'>C</span> 
     </span>
    </p>
   </div>
   <div class='ocr_carea' id='block_1_13' title="bbox 1049 3254 1429 3322">
    <p class='ocr_par' dir='ltr' id='par_1_17' title="bbox 1049 3254 1429 3322">
     <span class='ocr_line' id='line_1_48' title="bbox 1049 3254 1429 3322; baseline -0.005 -15"><span class='ocrx_word' id='word_1_246' title='bbox 1049 3255 1126 3309; x_wconf 89' lang='lat' dir='ltr'>conis</span> <span class='ocrx_word' id='word_1_247' title='bbox 1144 3257 1167 3310; x_wconf 90' lang='lat' dir='ltr'>C</span> <span class='ocrx_word' id='word_1_248' title='bbox 1253 3254 1380 3322; x_wconf 88' lang='lat' dir='ltr'>toxipum</span> <span class='ocrx_word' id='word_1_249' title='bbox 1398 3258 1429 3305; x_wconf 92' lang='lat' dir='ltr'>et</span> 
     </span>
    </p>
   </div>
   <div class='ocr_carea' id='block_1_14' title="bbox 278 3323 1427 3393">
    <p class='ocr_par' dir='ltr' id='par_1_18' title="bbox 278 3323 1427 3393">
     <span class='ocr_line' id='line_1_49' title="bbox 278 3323 1427 3393; baseline -0.001 -17"><span class='ocrx_word' id='word_1_250' title='bbox 278 3323 437 3391; x_wconf 84' lang='lat' dir='ltr'>sexipumG</span> <span class='ocrx_word' id='word_1_251' title='bbox 484 3325 606 3392; x_wconf 68' lang='lat' dir='ltr'>Toxqopus</span> <span class='ocrx_word' id='word_1_252' title='bbox 624 3327 647 3376; x_wconf 87' lang='lat' dir='ltr'>is</span> <span class='ocrx_word' id='word_1_253' title='bbox 664 3336 702 3378; x_wconf 85' lang='lat' dir='ltr'>est</span> <span class='ocrx_word' id='word_1_254' title='bbox 719 3326 762 3393; x_wconf 92' lang='lat' dir='ltr'>qui</span> <span class='ocrx_word' id='word_1_255' title='bbox 780 3326 872 3379; x_wconf 78' lang='lat' dir='ltr'>Toxeur</span> <span class='ocrx_word' id='word_1_256' title='bbox 889 3326 985 3380; x_wconf 85' lang='lat' dir='ltr'>dicitur</span> <span class='ocrx_word' id='word_1_257' title='bbox 998 3326 1061 3380; x_wconf 79' lang='lat' dir='ltr'>Met.</span> <span class='ocrx_word' id='word_1_258' title='bbox 1082 3328 1155 3378; x_wconf 98' lang='lat' dir='ltr'><em>VIII.</em></span> <span class='ocrx_word' id='word_1_259' title='bbox 1171 3343 1232 3392; x_wconf 83' lang='lat'>441,</span> <span class='ocrx_word' id='word_1_260' title='bbox 1250 3326 1324 3378; x_wconf 85' lang='lat' dir='ltr'>Lact.</span> <span class='ocrx_word' id='word_1_261' title='bbox 1340 3325 1427 3376; x_wconf 83' lang='lat' dir='ltr'>Narr.</span> 
     </span>
    </p>
   </div>
   <div class='ocr_carea' id='block_1_15' title="bbox 277 3393 1430 3536">
    <p class='ocr_par' dir='ltr' id='par_1_19' title="bbox 277 3393 1430 3536">
     <span class='ocr_line' id='line_1_50' title="bbox 279 3393 1429 3466; baseline 0.001 -20"><span class='ocrx_word' id='word_1_262' title='bbox 279 3393 344 3446; x_wconf 85' lang='lat' dir='ltr'>Fab.</span> <span class='ocrx_word' id='word_1_263' title='bbox 362 3395 434 3446; x_wconf 90' lang='lat' dir='ltr'><em>VIII.</em></span> <span class='ocrx_word' id='word_1_264' title='bbox 449 3413 473 3458; x_wconf 87' lang='lat'>4,</span> <span class='ocrx_word' id='word_1_265' title='bbox 487 3394 561 3446; x_wconf 86' lang='lat' dir='ltr'>Bodii</span> <span class='ocrx_word' id='word_1_266' title='bbox 573 3396 705 3463; x_wconf 84' lang='lat' dir='ltr'>Mythogr.</span> <span class='ocrx_word' id='word_1_267' title='bbox 719 3399 741 3447; x_wconf 92' lang='lat' dir='ltr'><em>I.</em></span> <span class='ocrx_word' id='word_1_268' title='bbox 757 3412 817 3460; x_wconf 78' lang='lat'><em>204.</em></span> <span class='ocrx_word' id='word_1_269' title='bbox 853 3398 989 3466; x_wconf 82' lang='lat' dir='ltr'>Plexippus</span> <span class='ocrx_word' id='word_1_270' title='bbox 1004 3398 1069 3452; x_wconf 84' lang='lat' dir='ltr'>inter</span> <span class='ocrx_word' id='word_1_271' title='bbox 1077 3397 1149 3464; x_wconf 84' lang='lat' dir='ltr'>filios</span> <span class='ocrx_word' id='word_1_272' title='bbox 1162 3398 1254 3449; x_wconf 71' lang='lat' dir='ltr'>alescii</span> <span class='ocrx_word' id='word_1_273' title='bbox 1270 3406 1429 3448; x_wconf 82' lang='lat' dir='ltr'>memoratur</span> 
     </span>
     <span class='ocr_line' id='line_1_51' title="bbox 277 3463 1430 3536; baseline 0 -19"><span class='ocrx_word' id='word_1_274' title='bbox 277 3464 312 3518; x_wconf 88' lang='lat' dir='ltr'>ab</span> <span class='ocrx_word' id='word_1_275' title='bbox 324 3463 441 3532; x_wconf 82' lang='lat' dir='ltr'>Apollod.</span> <span class='ocrx_word' id='word_1_276' title='bbox 455 3467 478 3516; x_wconf 84' lang='lat' dir='ltr'><em>I.</em></span> <span class='ocrx_word' id='word_1_277' title='bbox 496 3478 520 3526; x_wconf 90' lang='grc'>7.</span> <span class='ocrx_word' id='word_1_278' title='bbox 537 3481 577 3530; x_wconf 90' lang='lat'>10,</span> <span class='ocrx_word' id='word_1_279' title='bbox 596 3466 678 3518; x_wconf 88' lang='lat' dir='ltr'>Schol.</span> <span class='ocrx_word' id='word_1_280' title='bbox 691 3466 724 3518; x_wconf 89' lang='lat' dir='ltr'>Il.</span> <span class='ocrx_word' id='word_1_281' title='bbox 738 3467 790 3519; x_wconf 90' lang='lat' dir='ltr'><em>IX.</em></span> <span class='ocrx_word' id='word_1_282' title='bbox 809 3469 869 3532; x_wconf 83' lang='lat'>563,</span> <span class='ocrx_word' id='word_1_283' title='bbox 882 3468 947 3536; x_wconf 87' lang='lat' dir='ltr'>Hyg.</span> <span class='ocrx_word' id='word_1_284' title='bbox 964 3482 1021 3531; x_wconf 87' lang='lat'>173,</span> <span class='ocrx_word' id='word_1_285' title='bbox 1035 3468 1109 3520; x_wconf 70' lang='lat' dir='ltr'>Laut.</span> <span class='ocrx_word' id='word_1_286' title='bbox 1126 3468 1162 3520; x_wconf 90' lang='lat' dir='ltr'>N.</span> <span class='ocrx_word' id='word_1_287' title='bbox 1176 3469 1205 3519; x_wconf 88' lang='lat' dir='ltr'>F.</span> <span class='ocrx_word' id='word_1_288' title='bbox 1225 3469 1297 3519; x_wconf 90' lang='lat' dir='ltr'><em>VIII.</em></span> <span class='ocrx_word' id='word_1_289' title='bbox 1315 3485 1341 3533; x_wconf 83' lang='lat'>4,</span> <span class='ocrx_word' id='word_1_290' title='bbox 1353 3466 1430 3518; x_wconf 87' lang='lat' dir='ltr'>Bodii</span> 
     </span>
    </p>
   </div>
   <div class='ocr_carea' id='block_1_16' title="bbox 182 3534 816 3601">
    <p class='ocr_par' dir='ltr' id='par_1_20' title="bbox 182 3534 816 3601">
     <span class='ocr_line' id='line_1_52' title="bbox 182 3534 816 3601; baseline 0.005 -15"><span class='ocrx_word' id='word_1_291' title='bbox 182 3534 185 3538; x_wconf 70' lang='grc'><strong>’</strong></span> <span class='ocrx_word' id='word_1_292' title='bbox 279 3535 363 3601; x_wconf 81' lang='lat' dir='ltr'>Myth.</span> <span class='ocrx_word' id='word_1_293' title='bbox 377 3537 399 3586; x_wconf 93' lang='lat' dir='ltr'><em>I.</em></span> <span class='ocrx_word' id='word_1_294' title='bbox 415 3552 474 3600; x_wconf 79' lang='lat'>204,</span> <span class='ocrx_word' id='word_1_295' title='bbox 488 3535 577 3587; x_wconf 83' lang='lat' dir='ltr'>Ouidio</span> <span class='ocrx_word' id='word_1_296' title='bbox 590 3535 653 3588; x_wconf 84' lang='lat' dir='ltr'>Met.</span> <span class='ocrx_word' id='word_1_297' title='bbox 668 3537 741 3588; x_wconf 89' lang='lat' dir='ltr'><em>VIII.</em></span> <span class='ocrx_word' id='word_1_298' title='bbox 755 3551 816 3601; x_wconf 73' lang='lat'><em>440.</em></span> 
     </span>
    </p>
   </div>
   <div class='ocr_carea' id='block_1_17' title="bbox 889 3536 1209 3602">
    <p class='ocr_par' dir='ltr' id='par_1_21' title="bbox 889 3536 1209 3602">
     <span class='ocr_line' id='line_1_53' title="bbox 889 3536 1209 3602; baseline 0.003 -13"><span class='ocrx_word' id='word_1_299' title='bbox 889 3536 1026 3592; x_wconf 74' lang='lat' dir='ltr'>mathat]</span> <span class='ocrx_word' id='word_1_300' title='bbox 1062 3538 1134 3590; x_wconf 90' lang='lat' dir='ltr'><em>VIII.</em></span> <span class='ocrx_word' id='word_1_301' title='bbox 1147 3554 1209 3602; x_wconf 83' lang='lat'><em>445.</em></span> 
     </span>
    </p>
   </div>
   <div class='ocr_carea' id='block_1_18' title="bbox 315 3605 1430 3678">
    <p class='ocr_par' dir='ltr' id='par_1_22' title="bbox 315 3605 1430 3678">
     <span class='ocr_line' id='line_1_54' title="bbox 315 3605 1430 3678; baseline 0.003 -23"><span class='ocrx_word' id='word_1_302' title='bbox 315 3607 375 3670; x_wconf 87' lang='lat'><em>603.</em></span> <span class='ocrx_word' id='word_1_303' title='bbox 395 3605 553 3658; x_wconf 87' lang='lat' dir='ltr'>creuntisG</span> <span class='ocrx_word' id='word_1_304' title='bbox 661 3606 764 3676; x_wconf 84' lang='lat' dir='ltr'>quipro</span> <span class='ocrx_word' id='word_1_305' title='bbox 777 3609 882 3675; x_wconf 82' lang='lat' dir='ltr'>quaec</span> <span class='ocrx_word' id='word_1_306' title='bbox 987 3607 1141 3678; x_wconf 89' lang='lat' dir='ltr'>dicebatur]</span> <span class='ocrx_word' id='word_1_307' title='bbox 1155 3608 1296 3661; x_wconf 90' lang='lat' dir='ltr'>nominata</span> <span class='ocrx_word' id='word_1_308' title='bbox 1308 3613 1349 3659; x_wconf 90' lang='lat' dir='ltr'>est</span> <span class='ocrx_word' id='word_1_309' title='bbox 1361 3608 1430 3658; x_wconf 85' lang='lat' dir='ltr'><em>Ask.</em></span> 
     </span>
    </p>
   </div>
   <div class='ocr_carea' id='block_1_19' title="bbox 278 3676 832 3745">
    <p class='ocr_par' dir='ltr' id='par_1_23' title="bbox 278 3676 832 3745">
     <span class='ocr_line' id='line_1_55' title="bbox 278 3676 832 3745; baseline 0.004 -17"><span class='ocrx_word' id='word_1_310' title='bbox 278 3676 369 3741; x_wconf 85' lang='lat' dir='ltr'>magni</span> <span class='ocrx_word' id='word_1_311' title='bbox 381 3677 460 3729; x_wconf 84' lang='lat' dir='ltr'>etiam</span> <span class='ocrx_word' id='word_1_312' title='bbox 473 3678 539 3728; x_wconf 86' lang='lat' dir='ltr'><em>Ask.</em></span> <span class='ocrx_word' id='word_1_313' title='bbox 575 3677 639 3729; x_wconf 88' lang='lat' dir='ltr'><em>Hor.</em></span> <span class='ocrx_word' id='word_1_314' title='bbox 652 3677 732 3745; x_wconf 86' lang='lat' dir='ltr'>Epod.</span> <span class='ocrx_word' id='word_1_315' title='bbox 747 3679 776 3730; x_wconf 95' lang='lat' dir='ltr'>V.</span> <span class='ocrx_word' id='word_1_316' title='bbox 789 3680 832 3741; x_wconf 88' lang='grc'>64.</span> 
     </span>
    </p>
   </div>
   <div class='ocr_carea' id='block_1_20' title="bbox 946 3678 1428 3732">
    <p class='ocr_par' dir='ltr' id='par_1_24' title="bbox 946 3678 1428 3732">
     <span class='ocr_line' id='line_1_56' title="bbox 946 3678 1428 3732; baseline -0.002 -2"><span class='ocrx_word' id='word_1_317' title='bbox 946 3678 1095 3732; x_wconf 87' lang='lat' dir='ltr'>CreontiG</span> <span class='ocrx_word' id='word_1_318' title='bbox 1197 3679 1349 3731; x_wconf 83' lang='lat' dir='ltr'>toxIcatam</span> <span class='ocrx_word' id='word_1_319' title='bbox 1360 3679 1428 3730; x_wconf 88' lang='lat' dir='ltr'><em>Ask.</em></span> 
     </span>
    </p>
   </div>
   <div class='ocr_carea' id='block_1_21' title="bbox 278 3745 1433 4099">
    <p class='ocr_par' dir='ltr' id='par_1_25' title="bbox 278 3745 1134 3815">
     <span class='ocr_line' id='line_1_57' title="bbox 278 3745 1134 3815; baseline 0.005 -17"><span class='ocrx_word' id='word_1_320' title='bbox 278 3745 419 3814; x_wconf 88' lang='lat' dir='ltr'>glauceiG</span> <span class='ocrx_word' id='word_1_321' title='bbox 488 3753 519 3798; x_wconf 90' lang='lat' dir='ltr'>ut</span> <span class='ocrx_word' id='word_1_322' title='bbox 532 3746 570 3798; x_wconf 89' lang='lat' dir='ltr'>ait</span> <span class='ocrx_word' id='word_1_323' title='bbox 583 3767 631 3800; x_wconf 91' lang='lat' dir='ltr'>om.</span> <span class='ocrx_word' id='word_1_324' title='bbox 644 3749 710 3800; x_wconf 85' lang='lat' dir='ltr'><em>Ask.</em></span> <span class='ocrx_word' id='word_1_325' title='bbox 783 3748 896 3800; x_wconf 92' lang='lat' dir='ltr'>Ouidius</span> <span class='ocrx_word' id='word_1_326' title='bbox 909 3749 948 3802; x_wconf 90' lang='lat' dir='ltr'>M.</span> <span class='ocrx_word' id='word_1_327' title='bbox 963 3748 1021 3802; x_wconf 90' lang='lat' dir='ltr'><em>VII.</em></span> <span class='ocrx_word' id='word_1_328' title='bbox 1036 3766 1095 3815; x_wconf 84' lang='lat'>394,</span> <span class='ocrx_word' id='word_1_329' title='bbox 1109 3766 1134 3814; x_wconf 90' lang='grc'>5.</span> 
     </span>
    </p>

    <p class='ocr_par' dir='ltr' id='par_1_26' title="bbox 314 3815 1099 3888">
     <span class='ocr_line' id='line_1_58' title="bbox 314 3815 1099 3888; baseline 0.008 -22"><span class='ocrx_word' id='word_1_330' title='bbox 314 3819 376 3881; x_wconf 86' lang='grc'><strong>605.</strong></span> <span class='ocrx_word' id='word_1_331' title='bbox 395 3815 575 3882; x_wconf 86' lang='lat' dir='ltr'>camiseamC</span> <span class='ocrx_word' id='word_1_332' title='bbox 645 3817 796 3872; x_wconf 85' lang='lat' dir='ltr'>camiseaG</span> <span class='ocrx_word' id='word_1_333' title='bbox 865 3820 905 3872; x_wconf 91' lang='lat' dir='ltr'>M.</span> <span class='ocrx_word' id='word_1_334' title='bbox 919 3821 970 3872; x_wconf 88' lang='lat' dir='ltr'><em>IX.</em></span> <span class='ocrx_word' id='word_1_335' title='bbox 986 3836 1033 3871; x_wconf 92' lang='lat'>101</span> <span class='ocrx_word' id='word_1_336' title='bbox 1047 3839 1099 3888; x_wconf 87' lang='lat' dir='ltr'>sqq.</span> 
     </span>
    </p>

    <p class='ocr_par' dir='ltr' id='par_1_27' title="bbox 279 3887 1433 4099">
     <span class='ocr_line' id='line_1_59' title="bbox 315 3887 1433 3958; baseline 0.002 -20"><span class='ocrx_word' id='word_1_337' title='bbox 315 3889 377 3950; x_wconf 88' lang='lat'><em>607.</em></span> <span class='ocrx_word' id='word_1_338' title='bbox 395 3887 495 3939; x_wconf 85' lang='lat' dir='ltr'>Scholia</span> <span class='ocrx_word' id='word_1_339' title='bbox 515 3887 538 3939; x_wconf 88' lang='lat' dir='ltr'><em>G</em></span> <span class='ocrx_word' id='word_1_340' title='bbox 552 3897 577 3939; x_wconf 89' lang='lat' dir='ltr'>et</span> <span class='ocrx_word' id='word_1_341' title='bbox 594 3888 660 3942; x_wconf 78' lang='lat' dir='ltr'>Ast.</span> <span class='ocrx_word' id='word_1_342' title='bbox 674 3898 703 3940; x_wconf 85' lang='lat' dir='ltr'>ut</span> <span class='ocrx_word' id='word_1_343' title='bbox 719 3899 805 3957; x_wconf 84' lang='lat' dir='ltr'>aperte</span> <span class='ocrx_word' id='word_1_344' title='bbox 822 3899 943 3958; x_wconf 86' lang='lat' dir='ltr'>corrupta</span> <span class='ocrx_word' id='word_1_345' title='bbox 962 3910 993 3957; x_wconf 81' lang='lat' dir='ltr'>ac</span> <span class='ocrx_word' id='word_1_346' title='bbox 1010 3893 1114 3956; x_wconf 67' lang='lat' dir='ltr'>conficta</span> <span class='ocrx_word' id='word_1_347' title='bbox 1130 3892 1178 3944; x_wconf 85' lang='lat' dir='ltr'>buc</span> <span class='ocrx_word' id='word_1_348' title='bbox 1195 3889 1309 3958; x_wconf 86' lang='lat' dir='ltr'>relegaui</span> <span class='ocrx_word' id='word_1_349' title='bbox 1325 3887 1433 3941; x_wconf 88' lang='lat' dir='ltr'>Bachus</span> 
     </span>
     <span class='ocr_line' id='line_1_60' title="bbox 279 3955 1432 4028; baseline 0.001 -19"><span class='ocrx_word' id='word_1_350' title='bbox 279 3956 430 4023; x_wconf 85' lang='lat' dir='ltr'>Ligurgum</span> <span class='ocrx_word' id='word_1_351' title='bbox 443 3956 526 4008; x_wconf 86' lang='lat' dir='ltr'>filiurn</span> <span class='ocrx_word' id='word_1_352' title='bbox 546 3955 660 4010; x_wconf 87' lang='lat' dir='ltr'>Penthei</span> <span class='ocrx_word' id='word_1_353' title='bbox 674 3957 739 4011; x_wconf 91' lang='lat' dir='ltr'>dum</span> <span class='ocrx_word' id='word_1_354' title='bbox 757 3965 912 4027; x_wconf 88' lang='lat' dir='ltr'>amputaret</span> <span class='ocrx_word' id='word_1_355' title='bbox 926 3959 1002 4028; x_wconf 88' lang='lat' dir='ltr'>(imp.</span> <span class='ocrx_word' id='word_1_356' title='bbox 1016 3959 1098 4028; x_wconf 79' lang='lat' dir='ltr'>ctis)</span> <span class='ocrx_word' id='word_1_357' title='bbox 1112 3961 1205 4014; x_wconf 89' lang='lat' dir='ltr'>uineas</span> <span class='ocrx_word' id='word_1_358' title='bbox 1216 3959 1267 4012; x_wconf 87' lang='lat' dir='ltr'>sibi</span> <span class='ocrx_word' id='word_1_359' title='bbox 1284 3961 1333 4028; x_wconf 92' lang='lat' dir='ltr'>ipsi</span> <span class='ocrx_word' id='word_1_360' title='bbox 1345 3959 1432 4012; x_wconf 86' lang='lat' dir='ltr'>soecit</span> 
     </span>
     <span class='ocr_line' id='line_1_61' title="bbox 279 4027 1431 4099; baseline 0.002 -19"><span class='ocrx_word' id='word_1_361' title='bbox 279 4027 421 4080; x_wconf 90' lang='lat' dir='ltr'>abscidere</span> <span class='ocrx_word' id='word_1_362' title='bbox 442 4043 512 4088; x_wconf 88' lang='lat' dir='ltr'>crus,</span> <span class='ocrx_word' id='word_1_363' title='bbox 533 4029 690 4097; x_wconf 88' lang='lat' dir='ltr'>quanquam</span> <span class='ocrx_word' id='word_1_364' title='bbox 710 4035 781 4082; x_wconf 89' lang='lat' dir='ltr'>esset</span> <span class='ocrx_word' id='word_1_365' title='bbox 802 4029 837 4082; x_wconf 91' lang='lat' dir='ltr'>de</span> <span class='ocrx_word' id='word_1_366' title='bbox 862 4029 939 4099; x_wconf 91' lang='lat' dir='ltr'>prole</span> <span class='ocrx_word' id='word_1_367' title='bbox 964 4030 1045 4097; x_wconf 92' lang='lat' dir='ltr'>ipsius</span> <span class='ocrx_word' id='word_1_368' title='bbox 1066 4031 1186 4097; x_wconf 87' lang='lat' dir='ltr'>Ligurgi,</span> <span class='ocrx_word' id='word_1_369' title='bbox 1207 4037 1239 4083; x_wconf 93' lang='lat' dir='ltr'>ut</span> <span class='ocrx_word' id='word_1_370' title='bbox 1260 4030 1287 4083; x_wconf 95' lang='lat' dir='ltr'>d.</span> <span class='ocrx_word' id='word_1_371' title='bbox 1307 4029 1431 4083; x_wconf 91' lang='lat' dir='ltr'>Ouidius.</span> 
     </span>
    </p>
   </div>
   <div class='ocr_carea' id='block_1_22' title="bbox 264 4096 1435 4592">
    <p class='ocr_par' dir='ltr' id='par_1_28' title="bbox 264 4096 1435 4592">
     <span class='ocr_line' id='line_1_62' title="bbox 279 4096 1433 4170; baseline 0.002 -20"><span class='ocrx_word' id='word_1_372' title='bbox 279 4097 325 4150; x_wconf 91' lang='lat' dir='ltr'>uel</span> <span class='ocrx_word' id='word_1_373' title='bbox 346 4097 397 4150; x_wconf 88' lang='lat' dir='ltr'>alia</span> <span class='ocrx_word' id='word_1_374' title='bbox 418 4103 460 4150; x_wconf 89' lang='lat' dir='ltr'>est</span> <span class='ocrx_word' id='word_1_375' title='bbox 479 4096 570 4150; x_wconf 86' lang='lat' dir='ltr'>sabula</span> <span class='ocrx_word' id='word_1_376' title='bbox 589 4097 624 4151; x_wconf 91' lang='lat' dir='ltr'>de</span> <span class='ocrx_word' id='word_1_377' title='bbox 643 4114 721 4152; x_wconf 90' lang='lat' dir='ltr'>sumo</span> <span class='ocrx_word' id='word_1_378' title='bbox 741 4099 836 4168; x_wconf 84' lang='lat' dir='ltr'>(Simio</span> <span class='ocrx_word' id='word_1_379' title='bbox 854 4096 931 4168; x_wconf 81' lang='lat' dir='ltr'><em>Ask.)</em></span> <span class='ocrx_word' id='word_1_380' title='bbox 951 4100 1006 4152; x_wconf 91' lang='lat' dir='ltr'>filio</span> <span class='ocrx_word' id='word_1_381' title='bbox 1024 4100 1135 4168; x_wconf 89' lang='lat' dir='ltr'>Ligurgi</span> <span class='ocrx_word' id='word_1_382' title='bbox 1154 4102 1200 4170; x_wconf 93' lang='lat' dir='ltr'>qui</span> <span class='ocrx_word' id='word_1_383' title='bbox 1219 4102 1246 4154; x_wconf 93' lang='lat' dir='ltr'>in</span> <span class='ocrx_word' id='word_1_384' title='bbox 1265 4101 1374 4154; x_wconf 92' lang='lat' dir='ltr'>ulcione</span> <span class='ocrx_word' id='word_1_385' title='bbox 1392 4101 1433 4152; x_wconf 88' lang='lat' dir='ltr'>sui</span> 
     </span>
     <span class='ocr_line' id='line_1_63' title="bbox 264 4166 1433 4240; baseline 0.002 -20"><span class='ocrx_word' id='word_1_386' title='bbox 264 4171 265 4174; x_wconf 75' lang='grc'>’</span> <span class='ocrx_word' id='word_1_387' title='bbox 279 4169 365 4236; x_wconf 88' lang='lat' dir='ltr'>patris</span> <span class='ocrx_word' id='word_1_388' title='bbox 381 4166 537 4221; x_wconf 88' lang='lat' dir='ltr'>interfoecit</span> <span class='ocrx_word' id='word_1_389' title='bbox 553 4167 633 4240; x_wconf 85' lang='lat' dir='ltr'>bachi</span> <span class='ocrx_word' id='word_1_390' title='bbox 648 4168 813 4227; x_wconf 84' lang='lat' dir='ltr'>sacerdotes.</span> <span class='ocrx_word' id='word_1_391' title='bbox 848 4173 927 4224; x_wconf 87' lang='lat' dir='ltr'>Mure</span> <span class='ocrx_word' id='word_1_392' title='bbox 942 4172 1017 4225; x_wconf 84' lang='lat' dir='ltr'>habet</span> <span class='ocrx_word' id='word_1_393' title='bbox 1033 4172 1166 4238; x_wconf 86' lang='lat' dir='ltr'>Ligurgus</span> <span class='ocrx_word' id='word_1_394' title='bbox 1180 4172 1263 4225; x_wconf 87' lang='lat' dir='ltr'>etiarn</span> <span class='ocrx_word' id='word_1_395' title='bbox 1282 4171 1352 4224; x_wconf 88' lang='lat' dir='ltr'>alter</span> <span class='ocrx_word' id='word_1_396' title='bbox 1363 4170 1433 4222; x_wconf 89' lang='lat' dir='ltr'>lilius</span> 
     </span>
     <span class='ocr_line' id='line_1_64' title="bbox 280 4237 1435 4310; baseline 0.003 -18"><span class='ocrx_word' id='word_1_397' title='bbox 280 4237 421 4292; x_wconf 84' lang='lat' dir='ltr'>cuiusdam</span> <span class='ocrx_word' id='word_1_398' title='bbox 433 4238 543 4304; x_wconf 89' lang='lat' dir='ltr'>penthei</span> <span class='ocrx_word' id='word_1_399' title='bbox 556 4255 571 4290; x_wconf 92' lang='lat' dir='ltr'>a</span> <span class='ocrx_word' id='word_1_400' title='bbox 584 4239 637 4292; x_wconf 90' lang='lat' dir='ltr'>filia</span> <span class='ocrx_word' id='word_1_401' title='bbox 649 4255 697 4292; x_wconf 88' lang='lat' dir='ltr'>sua</span> <span class='ocrx_word' id='word_1_402' title='bbox 709 4256 792 4308; x_wconf 91' lang='lat' dir='ltr'>quam</span> <span class='ocrx_word' id='word_1_403' title='bbox 806 4247 931 4308; x_wconf 87' lang='lat' dir='ltr'>stuprare</span> <span class='ocrx_word' id='word_1_404' title='bbox 946 4241 1033 4294; x_wconf 89' lang='lat' dir='ltr'>uoluit</span> <span class='ocrx_word' id='word_1_405' title='bbox 1049 4248 1091 4295; x_wconf 91' lang='lat' dir='ltr'>est</span> <span class='ocrx_word' id='word_1_406' title='bbox 1109 4242 1215 4295; x_wconf 87' lang='lat' dir='ltr'>occisus</span> <span class='ocrx_word' id='word_1_407' title='bbox 1227 4243 1292 4310; x_wconf 89' lang='lat' dir='ltr'>quod</span> <span class='ocrx_word' id='word_1_408' title='bbox 1301 4263 1333 4295; x_wconf 86' lang='lat' dir='ltr'>ex</span> <span class='ocrx_word' id='word_1_409' title='bbox 1346 4242 1435 4295; x_wconf 82' lang='lat' dir='ltr'>Ouidii</span> 
     </span>
     <span class='ocr_line' id='line_1_65' title="bbox 280 4308 1433 4382; baseline 0.002 -20"><span class='ocrx_word' id='word_1_410' title='bbox 280 4308 364 4362; x_wconf 80' lang='lat' dir='ltr'>uerbis</span> <span class='ocrx_word' id='word_1_411' title='bbox 377 4309 513 4374; x_wconf 83' lang='lat' dir='ltr'>conflatum</span> <span class='ocrx_word' id='word_1_412' title='bbox 529 4311 634 4364; x_wconf 84' lang='lat' dir='ltr'>uidetur.</span> <span class='ocrx_word' id='word_1_413' title='bbox 671 4310 826 4382; x_wconf 85' lang='lat' dir='ltr'>Saluagaius</span> <span class='ocrx_word' id='word_1_414' title='bbox 844 4312 905 4365; x_wconf 86' lang='lat' dir='ltr'>haec</span> <span class='ocrx_word' id='word_1_415' title='bbox 919 4312 996 4366; x_wconf 83' lang='lat' dir='ltr'>edidit</span> <span class='ocrx_word' id='word_1_416' title='bbox 1012 4313 1097 4365; x_wconf 90' lang='lat' dir='ltr'>Butes</span> <span class='ocrx_word' id='word_1_417' title='bbox 1109 4313 1229 4382; x_wconf 82' lang='lat' dir='ltr'>Lycurgi</span> <span class='ocrx_word' id='word_1_418' title='bbox 1247 4313 1317 4365; x_wconf 86' lang='lat' dir='ltr'>filius</span> <span class='ocrx_word' id='word_1_419' title='bbox 1332 4310 1433 4364; x_wconf 88' lang='lat' dir='ltr'>Bacchi</span> 
     </span>
     <span class='ocr_line' id='line_1_66' title="bbox 281 4377 1434 4458; baseline 0.003 -28"><span class='ocrx_word' id='word_1_420' title='bbox 281 4377 437 4458; x_wconf 77' lang='lat' dir='ltr'>sacerdotes</span> <span class='ocrx_word' id='word_1_421' title='bbox 459 4379 487 4430; x_wconf 92' lang='lat' dir='ltr'>in</span> <span class='ocrx_word' id='word_1_422' title='bbox 507 4378 640 4433; x_wconf 91' lang='lat' dir='ltr'>ultionem</span> <span class='ocrx_word' id='word_1_423' title='bbox 662 4382 745 4448; x_wconf 89' lang='lat' dir='ltr'>patris</span> <span class='ocrx_word' id='word_1_424' title='bbox 766 4381 846 4434; x_wconf 86' lang='lat' dir='ltr'>uariis</span> <span class='ocrx_word' id='word_1_425' title='bbox 867 4382 956 4434; x_wconf 85' lang='lat' dir='ltr'>affecit</span> <span class='ocrx_word' id='word_1_426' title='bbox 980 4383 1126 4451; x_wconf 91' lang='lat' dir='ltr'>suppliciis.</span> <span class='ocrx_word' id='word_1_427' title='bbox 1163 4383 1346 4436; x_wconf 87' lang='lat' dir='ltr'>Pentheidem</span> <span class='ocrx_word' id='word_1_428' title='bbox 1364 4382 1434 4436; x_wconf 90' lang='lat' dir='ltr'>dicit</span> 
     </span>
     <span class='ocr_line' id='line_1_67' title="bbox 282 4447 1433 4523; baseline 0.007 -25"><span class='ocrx_word' id='word_1_429' title='bbox 282 4463 345 4514; x_wconf 81' lang='lat' dir='ltr'>quta</span> <span class='ocrx_word' id='word_1_430' title='bbox 359 4447 498 4500; x_wconf 91' lang='lat' dir='ltr'>Pentheus</span> <span class='ocrx_word' id='word_1_431' title='bbox 516 4449 600 4502; x_wconf 91' lang='lat' dir='ltr'>filium</span> <span class='ocrx_word' id='word_1_432' title='bbox 616 4450 710 4503; x_wconf 88' lang='lat' dir='ltr'>habuit</span> <span class='ocrx_word' id='word_1_433' title='bbox 729 4451 884 4520; x_wconf 90' lang='lat' dir='ltr'>Dryantem</span> <span class='ocrx_word' id='word_1_434' title='bbox 898 4453 1016 4522; x_wconf 87' lang='lat' dir='ltr'>Lycurgi</span> <span class='ocrx_word' id='word_1_435' title='bbox 1028 4460 1145 4521; x_wconf 87' lang='lat' dir='ltr'>patrem.</span> <span class='ocrx_word' id='word_1_436' title='bbox 1181 4455 1254 4523; x_wconf 83' lang='lat' dir='ltr'>Quae</span> <span class='ocrx_word' id='word_1_437' title='bbox 1265 4455 1433 4508; x_wconf 87' lang='lat' dir='ltr'>Burmannus</span> 
     </span>
     <span class='ocr_line' id='line_1_68' title="bbox 282 4518 1434 4592; baseline 0.003 -20"><span class='ocrx_word' id='word_1_438' title='bbox 282 4519 320 4572; x_wconf 84' lang='lat' dir='ltr'>ad</span> <span class='ocrx_word' id='word_1_439' title='bbox 330 4518 406 4569; x_wconf 89' lang='lat' dir='ltr'>Diod.</span> <span class='ocrx_word' id='word_1_440' title='bbox 421 4519 449 4570; x_wconf 92' lang='lat' dir='ltr'><em>V.</em></span> <span class='ocrx_word' id='word_1_441' title='bbox 464 4535 497 4581; x_wconf 84' lang='lat'>50</span> <span class='ocrx_word' id='word_1_442' title='bbox 510 4523 629 4587; x_wconf 83' lang='lat' dir='ltr'>respicere</span> <span class='ocrx_word' id='word_1_443' title='bbox 640 4523 806 4590; x_wconf 86' lang='lat' dir='ltr'>existimauit,</span> <span class='ocrx_word' id='word_1_444' title='bbox 820 4542 876 4576; x_wconf 85' lang='lat' dir='ltr'>uere</span> <span class='ocrx_word' id='word_1_445' title='bbox 892 4522 935 4592; x_wconf 74' lang='lat' dir='ltr'>ille</span> <span class='ocrx_word' id='word_1_446' title='bbox 952 4526 1059 4591; x_wconf 82' lang='lat' dir='ltr'>quidem,</span> <span class='ocrx_word' id='word_1_447' title='bbox 1072 4527 1123 4578; x_wconf 86' lang='lat' dir='ltr'>nisi</span> <span class='ocrx_word' id='word_1_448' title='bbox 1132 4524 1227 4590; x_wconf 86' lang='lat' dir='ltr'>fallor,</span> <span class='ocrx_word' id='word_1_449' title='bbox 1240 4527 1286 4576; x_wconf 86' lang='lat' dir='ltr'>sed</span> <span class='ocrx_word' id='word_1_450' title='bbox 1294 4525 1361 4577; x_wconf 88' lang='lat' dir='ltr'>nihil</span> <span class='ocrx_word' id='word_1_451' title='bbox 1371 4525 1434 4577; x_wconf 86' lang='lat' dir='ltr'>haec</span> 
     </span>
    </p>
   </div>
   <div class='ocr_carea' id='block_1_23' title="bbox 0 0 1679 5200">
    <p class='ocr_par' dir='ltr' id='par_1_29' title="bbox 0 0 1679 5200">
     <span class='ocr_line' id='line_1_69' title="bbox 0 0 1679 5200; baseline 0 0"><span class='ocrx_word' id='word_1_452' title='bbox 0 0 1679 5200; x_wconf 95' lang='lat' dir='ltr'> </span> 
     </span>
    </p>
   </div>
  </div>
 </body>
</html>
