3294 5214
297 437 336 501 lvi
706 431 1034 495 PROLEGOMENA.

340 593 494 654 Postremo
508 590 785 652 commemorandae
801 600 867 651 sunt
881 590 1095 650 Dellorationes
1117 608 1192 670 quae
1208 589 1283 650 inter
1304 591 1391 652 flores
1412 609 1451 652 ex

299 676 393 751 poetis
407 673 520 733 Latinis
536 682 691 750 excerptos
711 672 810 732 Ouidii
830 673 918 732 etiarn
939 672 1088 744 nonnulla,
1104 674 1135 731 in
1155 672 1201 732 his
1220 672 1310 732 Ibidis
1330 673 1452 744 habent,

299 755 463 816 Duacensis
478 758 546 829 690,
562 754 761 814 Atrebatensis
776 757 824 829 65,
840 753 969 814 Parisina
987 766 1084 830 17913
1104 772 1179 814 saec.
1195 755 1253 826 xiii,
1268 753 1336 812 Brit.
1352 753 1451 814 Musei

304 840 410 913 18459,
425 836 586 896 Bodleiana
600 836 713 897 Canon.
730 835 805 896 Patr.
821 834 883 894 Lat.
901 854 948 911 43,
964 834 1152 914 Phillippicae
1170 838 1258 913 1813,
1276 839 1361 911 1817.

836 1147 907 1222 ΙΧ.

706 1333 757 1397 De
777 1332 917 1398 Schole'e's
933 1332 1048 1397 Ibidis.

342 1497 525 1558 scholiorum
541 1496 632 1555 Ibidis
647 1496 685 1555 ad
703 1496 761 1556 hoc
778 1513 870 1572 usque
890 1506 1005 1572 tempus
1023 1495 1133 1554 incerta
1147 1502 1260 1553 tantum
1274 1493 1376 1553 notitia
1389 1493 1452 1553 fuit.

300 1579 379 1639 Nam
393 1579 481 1638 editio
496 1577 625 1637 Parisina
639 1596 666 1636 a.
685 1591 771 1652 1573,
787 1578 817 1635 in
832 1595 891 1655 qua
905 1587 972 1654 post
987 1595 1104 1635 carmen
1118 1575 1192 1634 Pub.
1212 1575 1313 1634 Ouzala·
1323 1575 1453 1635 Nasonis

300 1662 330 1720 in
351 1662 484 1736 quendam
504 1679 581 1735 quern
602 1667 683 1718 uocat
694 1659 761 1718 Ibin
784 1669 933 1737 postremo
954 1677 1029 1716 nune
1047 1659 1154 1716 tandem
1175 1658 1298 1715 adtectus
1316 1664 1358 1716 est
1375 1664 1452 1715 uetus

300 1741 443 1818 Interpres
456 1760 596 1817 nunquam
611 1747 693 1800 antea
712 1743 744 1800 in
762 1742 847 1799 lucem
866 1740 995 1812 mestun*
1010 1739 1131 1816 pusillus
1150 1739 1222 1797 liber
1236 1739 1342 1798 doctos
1361 1738 1450 1810 latuit,

300 1841 479 1900 quamquam
494 1824 553 1881 iam
568 1839 646 1882 anno
659 1824 735 1896 1564
745 1820 902 1881 Turnebus
912 1813 1036 1880 Aduers.
1046 1821 1086 1879 ix.
1101 1833 1138 1894 15
1147 1821 1197 1880 ubi
1211 1820 1293 1879 locos
1307 1820 1451 1896 quosdam

300 1905 392 1966 Ibidis
413 1903 575 1981 explicauit,
589 1903 741 1962 Atarnites
761 1920 906 1980 reponens
926 1904 958 1962 in
978 1919 1006 1961 u.
1028 1920 1095 1977 319,
1111 1903 1184 1962 hacc
1205 1900 1322 1972 addidit,
1337 1903 1411 1977 qued
1427 1906 1455 1960 et

300 1992 461 2045 annotatum
475 2005 493 2044 α
507 1991 593 2045 uetere
611 1986 755 2060 interprete
764 1987 878 2064 fuerat,
893 1986 973 2043 mens
990 1985 1098 2043 serebia
1115 1985 1171 2042 alri'
1180 1984 1338 2058 interpretes
1350 1984 1452 2058 compi-

301 2069 406 2138 larunt,
421 2071 448 2124 et
458 2068 562 2141 scripta
575 2068 629 2124 etsi
639 2068 772 2137 mendosa,
788 2068 859 2125 unde
871 2073 961 2124 temen
978 2067 1066 2124 multa
1080 2066 1198 2124 odorari
1203 2071 1374 2140 poteramus,
1388 2074 1452 2140 sup-

296 2159 480 2225 presserunt,·
501 2147 637 2223 idemque
659 2147 697 2206 ad
718 2167 745 2206 u.
768 2163 823 2222 591
845 2146 972 2207 Coma'cus
990 2155 1022 2205 ut
1041 2148 1157 2222 liquida
1178 2147 1269 2204 ‘hunc
1289 2164 1400 2205 uersum
1420 2147 1452 2203 de

300 2229 461 2288 Menandro
472 2231 605 2306 intelleget
616 2237 693 2287 uetus
707 2231 849 2305 interpres,
861 2236 893 2287 ut
904 2230 1024 2287 alibrum
1040 2229 1170 2286 relatione
1180 2229 1364 2304 cognominus
1374 2225 1452 2306 (nant

302 2313 381 2370 illum
404 2312 573 2387 interpretem
594 2307 808 2388 desederamaslf
852 2309 911 2369 Sed
935 2329 991 2369 nec
1015 2310 1104 2368 altera
1128 2309 1217 2369 editio
1238 2327 1314 2385 quae
1336 2309 1452 2368 Parisiis

301 2392 408 2470 prodiit
428 2411 507 2452 anno
525 2393 613 2466 1581,
628 2400 700 2452 teste
724 2391 881 2468 Saluagnio
905 2391 943 2450 ad
963 2391 1030 2449 Vet.
1045 2391 1166 2468 Interpr.
1187 2411 1216 2468 p.
1239 2409 1252 2448 1
1273 2390 1453 2467 ‘fragmenta

301 2475 395 2535 lacera
406 2483 435 2533 et
445 2473 600 2534 mendosa'
609 2475 763 2534 continens
773 2474 870 2532 multis
882 2473 997 2532 uidetur
1008 2473 1127 2548 cognita
1137 2471 1234 2544 fuisse,
1245 2471 1452 2549 languentibus

302 2557 333 2616 in
348 2555 457 2616 Ouidio
477 2554 656 2616 eruditorum
676 2555 778 2615 studiis
796 2565 825 2614 et
845 2554 882 2612 ad
904 2554 969 2625 alia,
986 2554 1141 2631 praecipue
1156 2553 1278 2624 Graeca,
1293 2553 1451 2613 conuersis.

301 2641 392 2698 Anno
419 2638 539 2699 demum
567 2639 641 2696 1661
669 2636 828 2713 Dionysius
856 2636 1031 2711 Saluagnius
1055 2635 1193 2696 Boessius
1218 2635 1338 2694 editioni
1362 2634 1452 2706 Ibidis

302 2723 415 2796 quarn†
426 2719 586 2779 secundam
601 2716 737 2794 Lugduni
751 2718 869 2794 protulit
884 2716 987 2776 adiecit
1002 2725 1153 2794 tamquam
1164 2716 1226 2776 ‘diu
1241 2715 1451 2776 desideratum’

302 2810 431 2862 ueterem
452 2800 532 2858 illum
547 2801 748 2874 Interpretem,
769 2799 820 2857 sed
835 2798 1072 2876 ‘locupletiorem
1093 2809 1122 2856 et
1142 2798 1372 2858 emendatiorem
1393 2815 1451 2874 ope
1536 2804 1539 2807 ’

303 2881 429 2941 duorum
450 2881 585 2940 codicum
600 2879 697 2938 MSS!
740 2879 827 2939 Hanc
849 2880 1007 2939 editionem
1022 2879 1207 2939 Scholiorum
1222 2879 1452 2939 citat·Bentleius

303 2962 385 3022 Phal.
401 2981 429 3039 p.
449 2979 506 3034 240
520 2961 566 3020 ed.
585 2960 676 3038 Dyce,
691 2973 719 3022 et
740 2961 770 3020 in
785 2960 955 3022 Callimachi
978 2961 1165 3038 fragmentis3
1190 2979 1287 3037 neque
1308 2962 1364 3021 alia
1379 2959 1453 3020 Bur-

303 3044 404 3102 manni
418 3053 470 3103 est.
514 3041 573 3102 Sed
588 3041 754 3112 Merkelius‚
769 3060 837 3106 curn
854 3061 934 3102 anno
953 3046 1028 3117 1837
1045 3041 1153 3102 Tristia
1167 3053 1196 3102 et
1210 3043 1277 3102 lbin
1292 3043 1400 3114 ederet,
1414 3060 1452 3100 ex

303 3125 406 3185 codice
426 3117 606 3212 Askeuiancss
617 3123 718 3203 (MSS.
733 3124 815 3184 Diez.
836 3121 886 3202 21)
909 3123 1026 3184 Scholia
1047 3142 1122 3201 quae
1142 3124 1173 3182 in
1194 3142 1230 3184 eo
1248 3142 1266 3183 a
1285 3143 1313 3183 u
1337 3139 1395 3199 159
1416 3122 1453 3182 1(1

304 3206 393 3266 finem
414 3205 549 3266 carminis
571 3211 679 3277 extant,
700 3206 877 3265 examussim
898 3204 1057 3282 descripsit,
1077 3206 1218 3282 appositis
1238 3224 1275 3265 ex
1295 3205 1468 3282 Saluagnio-

304 3287 422 3346 nonnisi
437 3292 524 3364 ‘quae
539 3285 625 3363 paulo
639 3285 756 3346 maioris
770 3288 810 3345 rei
824 3287 881 3346 illic
896 3287 1010 3345 diuersa
1023 3287 1071 3346 uel
1085 3287 1262 3363 copiosiora'
1277 3288 1434 3347 inuenerat.

346 3367 403 3428 His
420 3387 457 3427 ex
478 3365 605 3427 fontibus
623 3367 718 3428 hausit
733 3367 912 3443 Ehualdusss
927 3369 1059 3428 notitiam
1075 3367 1267 3438 Scholiorum,
1282 3387 1379 3445 neque
1398 3367 1453 3427 aha

304 3449 414 3509 uiderat
423 3450 478 3508 nisi
492 3449 591 3507 breuia
606 3449 752 3526 quaedam
766 3459 795 3508 et
809 3448 908 3508 mutila
923 3467 998 3525 quae
1012 3451 1042 3509 in
1057 3450 1187 3526 margine
1199 3451 1263 3510 cod.
1274 3449 1361 3510 Paris.
1374 3463 1452 3526 7994

304 3530 418 3606 scripsit
438 3548 551 3600 manus,
571 3540 603 3589 ut
623 3529 744 3600 uidetur,
766 3548 844 3590 saec.
866 3531 914 3590 xiii
934 3530 982 3589 uel
1003 3531 1058 3590 xiv.
1101 3530 1149 3590 Ne
1170 3531 1314 3592 Parisinus
1335 3532 1454 3608 quidem

305 3612 448 3672 editiones
462 3612 600 3688 inspexit3
623 3629 802 3689 quamquam
816 3611 890 3670 inter
904 3612 1031 3688 priorem
1045 3612 1123 3672 illam
1137 3631 1163 3672 a.
1179 3626 1256 3688 1573
1268 3621 1297 3672 et
1306 3611 1454 3690 Saluagnii

306 3692 423 3754 Scholia
436 3693 578 3753 artissima
595 3703 638 3753 est
656 3695 802 3770 cognatio.
845 3692 925 3752 Nam
943 3692 974 3752 in
993 3694 1161 3755 uniuersum
1175 3694 1372 3753 Parisinorum
1386 3712 1453 3754 cum

306 3775 508 3852 Salnagnianis
522 3793 613 3834 unum
633 3792 726 3850 genus
746 3785 805 3847 est;
836 3773 1083 3834 Merkelianorum
1098 3775 1222 3858 alterurn
1233 3775 1321 3854 idque
1336 3791 1454 3853 prorsus

305 3856 452 3918 dissimile.

348 3939 407 4000 Sed
427 3956 494 4017 ego,
515 3938 565 4015 qui
586 3937 652 3996 Ibin
675 3938 712 3997 de
735 3956 814 3997 nouo
838 3937 923 3997 edere
947 3936 1155 4012 constituerim,
1176 3957 1214 3998 ne
1236 3939 1313 3998 hanc
1336 3938 1454 4016 quidem

306 4030 418 4098 partem
439 4020 537 4097 operis
557 4020 616 4078 mei
638 4018 680 4079 sic
708 4019 787 4079 uolui
810 4019 972 4097 relinquere
999 4019 1250 4096 quemadmodum
1271 4039 1289 4081 a
1308 4020 1454 4098 prioribus

306 4119 487 4179 acceperam.
530 4100 598 4173 Qua
618 4097 648 4158 in
670 4118 700 4160 re
721 4101 794 4161 iuuit
814 4119 863 4160 me
884 4101 1016 4172 fortuna;
1041 4119 1110 4160 nam
1131 4101 1181 4178 qui
1203 4100 1299 4162 codex
1319 4101 1455 4162 carminis

306 4183 524 4261 antiquissimus
539 4192 582 4241 est
592 4181 630 4253 G,
641 4182 719 4242 idem
733 4192 874 4260 perpetua
884 4181 994 4243 scholia
1006 4182 1094 4242 habet
1108 4183 1176 4244 inde
1190 4201 1209 4243 a
1222 4201 1250 4242 u.
1263 4197 1329 4259 253.
1371 4183 1455 4244 Haec

340 4379 354 4413 *
373 4378 463 4453 Parisiis
474 4393 503 4425 ex
515 4377 666 4442 typographia
678 4378 783 4442 Dionysii
795 4394 808 4426 1
820 4380 889 4426 Prato
901 4380 937 4426 uia
949 4380 1103 4492 Amypdalina
1115 4381 1144 4428 ad
1155 4379 1263 4428 Veritatis
1276 4379 1375 4444 Insigne.

339 4443 357 4498 †
375 4445 439 4490 Pnor
451 4444 521 4491 editio
533 4444 682 4506 Saluagniana
695 4445 763 4492 lbldis
774 4446 859 4506 prodiit
871 4445 977 4509 Lugduni
992 4460 1001 4492 r
1022 4457 1062 4506 33.

339 4510 355 4567 ss
373 4509 408 4556 De
420 4509 545 4556 Scholiasta
557 4509 595 4570 qui
607 4519 641 4556 est
653 4511 681 4556 ad
694 4510 771 4557 Ouidii
784 4511 833 4558 lbin
845 4511 1026 4571 Commentario.
1059 4509 1138 4558 Gotha
1153 4509 1224 4574 1876.
