3296 5210
307 461 363 516 154
707 453 1055 516 COMMENTARIVS.

307 610 430 668 nominis
450 609 616 682 intelligunt.
654 611 730 666 Sane
749 611 821 666 duos
836 611 968 666 Achaeos
987 610 1090 666 Suidas
1109 618 1323 680 commemorat,
1336 609 1463 680 tragicos

307 695 441 754 utrosque
453 703 460 749 ;
479 699 597 753 quorum
610 681 687 751 prior
698 682 825 752 aequalis
838 682 977 752 Euripidi,
989 683 1061 737 alter
1077 682 1217 736 recentior
1233 681 1304 736 suit:
1323 681 1376 736 sed
1388 681 1462 736 nihil

307 754 344 809 de
362 756 462 808 horum
482 763 572 808 morte
590 763 710 808 constat.
749 753 820 808 Mihi
840 759 920 808 uates
935 753 1068 808 Achaeus
1086 753 1197 808 uidetur
1211 752 1358 807 Aristaeus
1377 769 1462 807 esse:

306 825 354 880 hic
370 825 446 879 enirn
463 834 491 878 et
508 825 693 894 χρησμολόγος
704 822 807 878 dicitur
821 825 909 878 Clem.
924 825 1028 878 Strom.
1043 838 1093 890 144
1104 825 1132 878 S.
1145 834 1173 878 et
1186 823 1318 878 Achaeus
1333 840 1385 876 suo
1401 823 1463 878 iure

307 896 453 950 uocandus
471 905 540 960 erat,
553 905 583 949 ut
602 904 668 964 pote
687 895 841 949 Thessalus
860 895 967 962 (Schol.
984 896 1038 965 Ap.
1057 896 1092 949 R.
1106 894 1122 949 i.
1140 907 1196 962 177,
1210 895 1270 961 284,
1290 893 1328 949 iii.
1342 905 1404 962 775,
1423 893 1461 950 iv.

310 967 398 1034 1329),
412 975 439 1020 et
452 975 551 1020 contra
563 981 649 1035 apum
662 980 772 1019 morsus
787 965 994 1035 operimentum
1013 965 1158 1035 quoddam
1176 965 1322 1019 oculorum
1341 963 1461 1021 inuenit.

309 1039 404 1092 Nonn.
420 1037 539 1105 Dionys,
551 1054 578 1092 v.
591 1051 643 1104 243
657 1037 747 1090 Κοῖνος
757 1035 820 1103 ἀνὴρ
837 1037 929 1104 ἐνόησε
946 1035 1116 1106 σολοτρίρτων
1129 1035 1209 1105 στέχα
1222 1035 1343 1104 σίμβλων
1355 1038 1461 1101 Πλαζο-

306 1109 383 1177 μένης
395 1106 417 1162 δ’
431 1108 543 1174 ἔστησεν
554 1106 681 1176 ἐρημάδος
692 1107 757 1196 ἕρμα
768 1106 906 1175 μελίσσης.
940 1119 991 1173 247
1005 1108 1055 1160 Καὶ
1065 1106 1162 1161 λινέαις
1174 1107 1255 1176 ἀψῖσι
1267 1106 1462 1160 σολυπλέκτοιο

306 1183 414 1248 χιτῶνος
434 1180 496 1230 Γυῐα
520 1176 697 1246 περισφίγξας
721 1175 820 1246 ονύχων
843 1176 896 1230 ἄπο
918 1177 996 1247 μέχρι
1020 1182 1124 1245 κομάων
1143 1178 1240 1244 Φρικτὰ
1266 1177 1462 1246 κοροσσομένης

305 1249 475 1318 ἐφυλάσσετο
488 1249 577 1316 κέντρα
590 1249 728 1315 μελίσσης,
741 1248 818 1318 quod
830 1263 887 1302 non
900 1247 1013 1303 lecisset
1025 1247 1080 1302 nisi
1097 1264 1182 1317 apum
1201 1247 1314 1302 aculeos
1333 1246 1395 1316 ipse
1414 1265 1461 1301 ex·

305 1329 401 1390 pertus
414 1329 497 1373 esset.
536 1320 637 1388 Neque
649 1335 667 1372 a
679 1335 747 1372 uero
764 1318 896 1373 abhorret
912 1317 1075 1374 Aristaeum
1087 1335 1105 1373 a
1117 1317 1258 1373 nonnullis
1271 1317 1379 1372 dictum
1396 1335 1460 1373 esse

305 1389 347 1446 sic
365 1389 453 1444 oculis
473 1389 605 1456 semisse,
617 1405 691 1456 ,narn
710 1389 866 1444 secundum
882 1391 954 1445 Plut.
967 1392 1061 1444 Amat.
1075 1389 1121 1443 xiv
1133 1391 1260 1459 Εὕχονται
1279 1387 1301 1442 δ’
1320 1385 1461 1461 Ἀρισταίῳ

306 1460 444 1516 δολοῦντες
461 1458 591 1531 ὀρύγμασι
610 1461 651 1514 καὶ
667 1461 777 1530 βρόχοις
796 1459 890 1516 λύκους
909 1462 949 1515 καὶ
970 1460 1087 1526 ἄρκτους,
1101 1457 1154 1516 Ὃς
1171 1465 1288 1528 πρῶτος
1308 1458 1461 1530 θήρεσσιν

305 1531 393 1598 ἔθηκα
413 1531 579 1600 ποδάγρας.
616 1532 709 1600 Apum
734 1531 851 1586 uulnera
875 1530 1016 1586 interdurn
1037 1531 1147 1586 letifera
1167 1530 1255 1584 fuisse
1275 1529 1380 1586 docent
1401 1546 1460 1584 non

306 1603 398 1658 solum
416 1601 561 1657 Nicander
579 1602 663 1656 Ther.
677 1601 773 1670 805-9,
786 1603 873 1656 Anth.
888 1603 918 1658 Ρ.
932 1601 965 1656 ix
981 1616 1041 1670 302,
1054 1611 1082 1656 et
1097 1603 1156 1670 548,
1173 1601 1224 1656 sed
1236 1598 1324 1656 etiam
1336 1617 1410 1670 qnae
1424 1601 1460 1656 de

307 1673 442 1728 Rhauciis
454 1671 636 1727 Cretensibus
645 1688 679 1726 ex
686 1671 838 1726 Antenoris
848 1672 966 1727 Creticis
976 1672 1096 1742 sumpsit
1105 1671 1241 1726 Aelianus
1252 1673 1290 1726 H.
1300 1673 1335 1726 A.
1345 1671 1409 1726 xvii.
1416 1686 1432 1738 3
1436 1683 1460 1739 5.

305 1744 466 1799 Aristaeum
484 1760 552 1798 uero
570 1742 617 1797 hic
635 1742 787 1810 significari
806 1743 893 1797 etiam
910 1744 982 1798 haec
1001 1743 1172 1813 persuadent
1192 1741 1230 1811 (i)
1244 1741 1320 1812 quod
1334 1759 1351 1796 a
1365 1743 1459 1810 Batto,

305 1815 349 1870 cui
363 1831 521 1884 cognomen
533 1814 667 1868 Aristaeo
679 1812 739 1882 tuit,
758 1813 892 1868 transitus
911 1814 952 1868 sic
970 1814 1001 1868 fit
1020 1815 1057 1868 ad
1076 1812 1275 1882 cognominem
1287 1812 1458 1880 Aristaeum,

306 1886 383 1940 uelut
397 1902 441 1938 uu.
455 1884 579 1953 457-460
591 1883 628 1938 ab
643 1883 825 1965 Hippomene
837 1884 971 1940 transitur
989 1885 1027 1938 ad
1041 1884 1261 1954 Hippomenem,
1275 1901 1322 1938 uu.
1337 1896 1350 1952 5
1355 1896 1368 1952 5
1373 1895 1422 1952 5-5
1427 1883 1460 1952 58

304 1966 363 2011 tres
377 1955 476 2010 Glauci
495 1965 610 2025 propter
628 1953 719 2009 simile
737 1972 842 2010 nomen
861 1955 945 2010 simul
963 1955 1141 2020 inducuntur,
1162 1954 1201 2024 (2)
1214 1955 1291 2024 quod
1308 1954 1405 2008 fabula
1423 1955 1459 2008 de

308 2029 418 2096 Cyrene
439 2025 555 2094 eiusque
576 2024 707 2080 Aristaeo
724 2025 782 2080 filio
800 2025 881 2096 quasi
900 2036 1036 2096 perpetuo
1053 2026 1167 2080 uinculo
1186 2042 1250 2080 curn
1269 2027 1355 2080 Batto
1374 2034 1460 2094 atque

305 2097 366 2152 eius
387 2097 458 2151 urbe
478 2095 596 2164 Cyrenis
617 2098 757 2150 cohaeret.
795 2097 868 2152 Vide
890 2097 969 2151 Pind
991 2099 1020 2152 P.
1041 2115 1067 2165 v,
1088 2096 1185 2150 lustin.
1205 2095 1261 2151 xiii.
1281 2109 1304 2162 7.
1319 2107 1397 2162 7-11,
1418 2093 1458 2164 (3)

307 2167 384 2239 quod
402 2167 440 2222 ab
451 2167 583 2221 Aristaeo
599 2183 657 2220 non
676 2177 783 2222 temere
801 2167 935 2222 transitur
951 2167 989 2221 ad
1002 2168 1211 2224 Prometheum.
1249 2168 1326 2220 Nam
1344 2166 1459 2235 Hydro-

304 2239 412 2294 choeus
431 2237 491 2292 siue
509 2236 650 2307 Aquarius
669 2246 741 2292 teste
762 2239 856 2292 Schoi,
876 2238 1038 2292 Germanici
1057 2240 1134 2293 Arat.
1154 2255 1181 2307 p.
1201 2249 1231 2306 55
1252 2235 1371 2306 Breysig
1389 2253 1460 2289 non·

305 2309 389 2364 nullis
414 2307 545 2379 Pyrrhae
569 2308 643 2377 (544)
666 2308 783 2363 maritus
811 2309 979 2377 Deucalion,
1004 2310 1040 2364 ab
1067 2308 1191 2379 antiquis
1215 2307 1360 2362 Aristaeus
1385 2307 1459 2360 filius

308 2383 433 2450 Cyrenes
446 2379 610 2433 habebatur.
673 2382 745 2434 542.
762 2383 884 2445 spicula
897 2381 1010 2434 aculeos
1022 2391 1052 2434 ut
1065 2381 1175 2450 spr'cula
1186 2380 1353 2434 crabronum
1368 2380 1409 2432 M.
1422 2377 1458 2432 xi.

308 2464 367 2520 335.
399 2453 514 2506 condat
526 2450 619 2519 ‘bury’
631 2450 779 2519 ‘sheathe,⁷
793 2453 832 2504 M.
847 2450 902 2505 xiii.
913 2452 965 2519 458
978 2452 1078 2523 iugulo
1090 2452 1139 2504 uel
1143 2454 1255 2521 pectore
1266 2450 1353 2503 telum
1368 2449 1460 2502 Corde

307 2539 374 2591 meo,
399 2522 446 2604 561
467 2522 573 2592 digitos
591 2522 623 2574 in
640 2522 752 2592 perfida
772 2522 885 2575 lumina
903 2523 1003 2577 condit
1079 2525 1149 2576 548.
1168 2524 1309 2602 carparis
1326 2523 1459 2587 uiscera,

306 2595 459 2648 uulturrum
477 2593 551 2647 feras
570 2590 725 2646 laniantem
744 2591 861 2647 uiscera
946 2595 1017 2648 544.
1034 2596 1081 2647 Vt
1099 2595 1159 2661 eui,
1179 2602 1209 2646 ut
1228 2608 1251 2646 rs
1274 2590 1320 2661 qui
1343 2592 1459 2645 fratrem

305 2664 404 2719 habuit
426 2663 582 2732 genitorem
604 2663 742 2732 Pyrrhae;
767 2663 869 2733 quibus
894 2663 1062 2733 ambagibus
1079 2657 1222 2717 ἀἰνίττεται
1247 2661 1458 2731 Epimetheum,

304 2736 419 2790 fratrem
439 2732 607 2790 Promethei.
646 2735 723 2787 Nam
735 2751 772 2786 ex
780 2735 879 2804 Iapeto
896 2741 924 2788 et
942 2736 1071 2804 Clymene
1087 2734 1175 2788 Atlas
1192 2731 1376 2802 Epimetheus
1387 2734 1459 2786 Pro-

306 2806 429 2860 nretlzeus
441 2805 531 2874 (Hyg.
545 2804 656 2872 Praei),
668 2803 783 2874 Pyrrha
795 2805 1030 2876 Epiirrettieifilia
1043 2806 1132 2874 (Hyg.
1148 2805 1217 2873 155).
1324 2807 1395 2857 545.
1413 2807 1460 2858 Vt

305 2892 388 2941 puer
418 2878 617 2940 Harpagides
647 2875 720 2929 filius
752 2875 889 2945 Harpagi.
938 2875 1115 2945 ‘Harpagus,
1147 2890 1244 2945 a-quo
1276 2873 1458 2943 Harpagides

306 2946 532 3029 patronymicum
550 2946 676 3014 trahitur,
695 2945 746 3000 fuit
764 2945 873 3000 amicus
891 2946 1024 3016 Astyagis
1048 2946 1199 3000 Medorum
1219 2944 1315 3013 regis;
1343 2943 1387 2998 cui
1409 2962 1459 2999 rex

306 3028 403 3085 iratus,
421 3016 498 3086 quod
518 3018 622 3085 Cyrum
641 3034 675 3071 ex
694 3017 751 3070 filia
770 3026 904 3086 nepotem
924 3017 1019 3071 uiuere
1041 3016 1233 3086 comperisset,
1252 3032 1337 3085 quem
1359 3014 1407 3083 illi,
1427 3025 1458 3070 ut

306 3088 364 3142 fido
382 3097 410 3142 et
428 3102 595 3140 arcanorum
614 3085 743 3157 participi
762 3088 922 3142 necandum
941 3087 1103 3156 tradiderat,
1121 3086 1265 3156 proprium
1284 3084 1372 3139 filium
1391 3102 1458 3154 epu·

306 3158 423 3213 landum
436 3157 583 3226 apposuit!
619 3157 786 3212 Laurentius
799 3157 971 3226 Absternius,
985 3158 1032 3228 qui
1050 3157 1157 3228 primus
1173 3158 1267 3211 locum
1284 3166 1360 3211 recte
1373 3155 1457 3211 inter·

307 3237 433 3298 pretatus
446 3237 498 3281 est.
535 3229 608 3280 Rem
620 3238 735 3282 narrant
750 3229 914 3282 Herodotus
927 3228 944 3283 i.
958 3242 1086 3298 117-119,
1101 3228 1224 3283 lustinus
1237 3227 1256 3280 i.
1269 3239 1291 3296 5.
1339 3230 1458 3282 referas

307 3301 451 3362 exempla
474 3301 636 3366 surrectae,
661 3308 689 3352 et
711 3299 854 3368 Thyestae
878 3309 906 3354 et
932 3300 1070 3369 Harpago
1094 3298 1225 3369 apposita
1249 3307 1314 3352 sunt
1339 3314 1458 3367 corpora

307 3369 427 3424 filiorum
448 3378 560 3438 praeter
578 3378 662 3438 caput
684 3369 771 3438 pedes
793 3387 894 3424 manus
916 3369 1032 3439 (Aesch.
1051 3372 1104 3440 Ag.
1127 3382 1201 3438 1594,
1225 3369 1333 3423 Herod.
1352 3367 1370 3423 i.
1387 3367 1456 3437 119).

306 3443 377 3496 546.
395 3443 518 3494 uisosra
534 3443 644 3504 patris.
681 3441 733 3508 Ag.
752 3453 816 3508 1097
830 3441 927 3495 Ὀπτάς
938 3463 965 3494 τε
978 3442 1076 3510 σάρκας
1091 3442 1155 3510 πρὸς
1171 3441 1267 3509 πατρὸς
1282 3438 1457 3508 βεβρωμένας.

306 3514 374 3567 547.
394 3514 526 3578 Trunca,
539 3527 578 3564 sc.
591 3510 727 3566 membra.
784 3515 948 3580 mutilatis,
962 3511 1088 3566 ‘hacked
1100 3511 1129 3565 in
1141 3510 1254 3580 pieces.'
1311 3513 1458 3574 partibus

307 3581 376 3653 quid
388 3581 424 3636 sit
434 3581 517 3636 docet
529 3584 567 3634 M.
577 3581 631 3634 xiv.
640 3581 671 3635 61
683 3583 781 3651 primo
789 3599 846 3635 non
858 3583 972 3636 credens
982 3584 1107 3653 corporis
1118 3583 1186 3636 illas
1195 3583 1266 3635 Esse
1274 3583 1323 3635 sui
1333 3590 1457 3650 partes,

305 3655 340 3719 64
359 3654 401 3706 Et
418 3656 518 3722 corpus
536 3669 671 3721 quaereris
682 3652 828 3722 samonem
845 3670 1016 3722 crurumque
1029 3654 1188 3723 pedumque
1208 3653 1351 3706 Cerbereos
1369 3652 1459 3706 m'ctus

301 3729 359 3796 pro
370 3722 526 3793 partibus
538 3725 650 3776 inuenit
661 3724 728 3778 illis.
759 3723 811 3777 xiv.
825 3736 872 3792 541
888 3741 1032 3778 nemorum
1039 3728 1140 3805 partes
1150 3729 1178 3777 et
1189 3723 1311 3777 membra
1323 3738 1456 3776 meorum.

306 3798 377 3850 548.
396 3797 576 3848 Mamertae.
615 3793 662 3848 Sic
677 3793 845 3848 Merkelium
862 3804 974 3849 secutus
992 3795 1099 3865 scnpsi,
1112 3811 1169 3848 non
1185 3803 1214 3848 ut
1228 3793 1353 3863 plerique
1366 3793 1458 3846 Mim-

306 3867 406 3920 nermi.
427 3867 512 3918 Hunc
524 3866 695 3918 Mamertam
704 3864 826 3918 eundem
836 3866 928 3920 habeo
939 3865 986 3935 qui
996 3868 1158 3920 Mamercus
1167 3882 1185 3918 a
1195 3865 1346 3918 Plutarcho
1354 3863 1457 3918 Timol.

306 3936 363 4005 xiii,
384 3935 456 4004 xxxi,
477 3935 566 4002 xxxiv,
588 3934 673 3989 Diod.
692 3934 745 3989 xvi.
765 3935 808 4004 69,
831 3937 914 3990 Corn.
938 3938 1012 4005 Nep.
1034 3936 1108 3991 Tim.
1125 3935 1153 4004 ii,
1175 3952 1193 3989 a
1215 3936 1359 4004 Polyaeno
1377 3953 1404 3988 v.
1425 3949 1456 3987 12

309 4007 464 4061 Milarchus
488 4005 597 4060 dicitur.
644 4004 709 4059 Fuit
733 4015 869 4074 tyrannus
895 4006 1106 4076 Catanensium,
1131 4016 1159 4060 et
1183 4022 1249 4060 cum
1273 4005 1336 4059 aliis
1360 4003 1457 4058 Timo·

305 4079 430 4133 leontem
449 4093 598 4145 aggressus
614 4084 666 4144 est,
685 4093 750 4130 mox
768 4077 805 4130 ab
818 4094 853 4130 eo
871 4076 963 4132 uictus
981 4078 1019 4131 ad
1037 4078 1142 4132 flumen
1158 4076 1282 4130 Abolum
1302 4075 1457 4129 Lucaniam

305 4166 371 4202 cum
392 4150 483 4202 classe
501 4146 695 4201 aduehebatur
715 4156 745 4201 ut
765 4147 831 4200 inde
853 4147 956 4202 auxilia
976 4158 1142 4218 asportaret,
1161 4164 1226 4201 cum
1243 4146 1390 4201 retroactis
1408 4145 1457 4200 tri-

305 4218 429 4273 remibus
452 4217 498 4287 qui
519 4235 584 4271 cum
602 4233 638 4270 eo
660 4227 739 4271 erant
761 4217 789 4271 in
815 4217 941 4272 Siciliam
960 4229 1138 4274 reuertuntur
1155 4228 1183 4272 et
1203 4219 1343 4273 Catanam
1362 4216 1458 4270 Timo-

307 4289 393 4343 leonti
417 4288 548 4357 produnt.
586 4289 748 4342 Mamercus
774 4290 927 4344 Messenen
952 4290 990 4343 ad
1014 4289 1186 4359 Hipponem,
1214 4287 1274 4343 eius
1296 4298 1457 4356 tyrannum,

307 4359 451 4426 confugit:
480 4375 536 4427 quo
557 4367 641 4427 capto
662 4368 690 4413 et
712 4376 763 4429 per
786 4369 928 4415 tormenta
951 4359 1121 4430 interempto
1145 4359 1207 4429 ipse
1231 4376 1263 4413 se
1284 4357 1455 4412 Timoleonti

305 4428 430 4484 tradidit.
474 4429 520 4482 Ab
545 4429 600 4483 hoc
624 4428 727 4483 missus
753 4430 917 4500 Syracusas,
942 4430 970 4484 in
995 4432 1106 4485 theatro
1130 4440 1248 4484 conatus
1273 4447 1305 4484 se
1328 4429 1457 4484 oratione

306 4499 467 4567 defendere,
488 4516 553 4553 cum
577 4499 695 4569 strepitu
719 4499 894 4556 audientium
918 4501 1100 4571 exciperetur,
1125 4501 1198 4555 illiso
1223 4499 1315 4570 capite
1340 4500 1369 4553 in
1391 4499 1456 4552 sub-

306 4570 417 4626 sellium
430 4579 550 4624 mortem
563 4569 616 4624 sibi
629 4569 776 4642 inserebat,
786 4572 838 4627 sed
849 4571 931 4626 uiuus
944 4573 1082 4628 abductus
1093 4572 1201 4642 piratae
1209 4588 1289 4626 more
1301 4570 1456 4627 exstinctus
