3296 5210
306 439 364 500 174
769 433 994 497 EXCVRSVS.

305 593 446 665 plicantur
458 609 492 649 ex
504 593 574 648 Piut.
584 591 628 647 Al.
640 590 668 647 ii.
678 591 786 664 Ar'yrrnt
795 593 925 648 Φίλιππος
934 591 962 646 s's
971 590 1121 662 Σαμοθράκῃ
1133 588 1331 660 τῇὊλυμπιάδι
1342 615 1462 664 συμμυη-

306 665 360 721 θιῖς
371 663 448 720 αι’ννός
459 685 486 718 rs
498 665 628 734 μιιρόκιον
639 663 675 717 ὢν
686 663 725 716 ἔτι
737 663 850 729 κάκείνης
864 663 955 719 παιδὸς
970 662 1087 732 ὀρφανῆς
1097 664 1194 734 γονέων
1206 664 1347 734 ἐρασθῆναι
1362 668 1404 718 καὶ
1417 668 1464 720 τὸν

306 736 390 806 γάμον
400 733 480 791 οὗτος
488 737 649 806 άρμόσος,ει
660 733 694 788 iis
723 751 777 788 uae
787 733 893 788 ibidem
901 734 937 788 de
946 733 1116 804 Olympiade
1126 734 1204 802 dicit,
1212 735 1289 804 quod
1299 752 1357 789 non
1368 737 1461 790 solum

309 805 476 862 Cabirorum
489 805 540 860 sed
552 805 639 860 etiam
649 751 781 874 Orpiricis
790 814 818 859 et
830 803 978 859 Bacchicis
988 805 1129 874 mysteriis
1139 805 1250 860 initiata
1256 806 1348 874 fuerit,
1358 809 1462 874 μᾶλλον

306 874 1461 1016 tuttitransscribantur:arrisissettrusisti

308 1017 447 1086 redibant,
461 1027 490 1072 ut
507 1017 597 1072 fusius
613 1017 697 1072 docet
716 1017 875 1071 Lobeckius
888 1017 1028 1086 Aglaoph.
1046 1034 1073 1086 p.
1091 1032 1154 1070 1221
1170 1034 1231 1088 sqq.
1245 1035 1280 1072 ex
1299 1019 1393 1072 Strab.
1410 1019 1460 1086 198

307 1086 400 1155 Ὀμοῖα
410 1090 466 1143 τοῖς
477 1087 506 1141 s’s
518 1088 669 1157 Σαμοθράκῃ
683 1089 742 1178 περὶ
758 1087 805 1156 την
818 1087 955 1156 Δημήτραν
967 1087 1008 1140 καὶ
1019 1088 1066 1155 τὴν
1078 1090 1165 1178 Κόρην
1177 1089 1350 1157 ἷεροποικῖται,
1364 1089 1461 1144 Schol.

308 1160 363 1229 Ap.
377 1159 411 1214 R
426 1157 444 1213 i.
456 1171 508 1227 917
522 1161 651 1213 Μυοῦντοι
665 1158 693 1212 δὲ
709 1179 737 1211 ιν
752 1159 784 1226 τῇ
800 1157 951 1227 Σαμοθράκῃ
967 1160 1023 1212 τοῖς
1039 1159 1186 1228 Καβιιροις,
1198 1159 1232 1214 ὧς
1244 1159 1367 1214 Μνασέας
1381 1161 1460 1228 φησί.

309 1248 360 1302 Kal
370 1247 403 1301 τὰ
415 1245 527 1316 ὀνόματα
539 1233 649 1300 αὐτῶνθ
660 1246 706 1299 τὸν
717 1243 834 1316 ἆριθμθν,
847 1245 963 1314 Ἀείερος
973 1243 1127 1316 Ἀξιόκορσα
1138 1244 1313 1316 Ἀξιόκερσος.
1342 1243 1461 1316 Ἀξῖερος

308 1319 355 1388 μὲν
368 1315 412 1371 οὖν
424 1317 497 1371 ἔστιν
509 1315 524 1385 ἡ
535 1315 664 1385 Δημήτηρ,
676 1314 830 1385 Ἀξιόκιρσο
845 1316 874 1369 di
886 1315 902 1383 ἡ
915 1318 1080 1386 Περσεφόνη,
1091 1315 1257 1387 Ἀξιόκερσος
1273 1317 1301 1371 δὲ
1318 1319 1333 1370 d
1345 1316 1433 1384 Αἴθης,
1446 1319 1461 1370 d

310 1389 338 1443 di
350 1386 552 1458 προστιθέμενος
569 1387 690 1458 τίναρτος
702 1388 838 1454 Κάαμιλος
852 1384 973 1457 ὀἘρμῆς
990 1387 1090 1442 ἐστιν*
1128 1390 1228 1458 ltaque
1245 1388 1379 1458 εἰρωνικῶς
1391 1387 1461 1444 dicit

330 1465 413 1514 oeta:
439 1457 545 1514 ‘multa
569 1468 599 1513 tu
624 1457 747 1528 quidem,
767 1457 924 1527 Olympias,
944 1457 1142 1525 mysteriorum
1160 1475 1195 1513 ac
1216 1458 1325 1513 Cereris
1343 1458 1461 1513 nomine

309 1473 436 1586 iacinora
447 1540 584 1599 patratas,
598 1529 683 1600 idque
700 1537 824 1582 secreto:
850 1529 904 1582 hoc
922 1544 1043 1596 sacrum,
1056 1545 1112 1598 quo
1130 1529 1231 1584 initiati
1244 1539 1273 1584 te
1286 1529 1460 1599 occiderunt,

309 1618 367 1657 non
381 1601 438 1656 iam
451 1600 687 1655 dissimulandum
704 1598 765 1668 erit,
778 1599 830 1674 sed
845 1600 940 1669 palam
959 1599 1172 1670 enuntiandum,
1186 1617 1251 1655 cnm
1264 1609 1362 1655 auctor
1375 1610 1404 1654 tu
1418 1609 1460 1656 tot

309 1672 466 1728 facinorum
479 1670 624 1726 moriaris!

346 1744 373 1797 6.
392 1742 440 1796 Sic
459 1741 482 1796 si
504 1739 703 1812 interpreteris,
722 1757 780 1794 non
801 1740 930 1796 turbatur
951 1740 1021 1795 ordo
1042 1757 1184 1796 uersuum.
1222 1743 1329 1796 Contra
1351 1740 1460 1796 sicum

330 1813 451 1883 len'sque
465 1825 525 1881 305,
538 1812 556 1865 6
574 1811 610 1867 de
624 1811 780 1866 Laodamia
798 1811 859 1866 siue
873 1811 1035 1878 Deidamia,
1049 1825 1109 1880 307,
1122 1813 1138 1866 8
1156 1812 1193 1867 de
1209 1813 1316 1882 Pyrrho
1332 1814 1360 1866 II
1379 1811 1461 1866 intel·

310 1832 390 1952 iigas,
409 1893 474 1952 post
493 1892 745 1938 commemoratum
765 1897 825 1951 301,
844 1898 860 1936 2
881 1883 1019 1953 Pyrrhum
1039 1883 1186 1952 Magnum,
1205 1898 1265 1952 303,
1284 1897 1302 1949 4
1321 1882 1461 1953 Pyrrhum

311 1955 399 2008 filium
416 1953 543 2022 Achillis,
557 1953 637 2023 quasi
656 1952 763 2008 reditus
782 1953 812 2008 fit
829 1954 919 2022 305,6
936 1953 974 2008 ad
991 1953 1090 2021 Pyrrhi
1105 1953 1204 2022 Magni
1223 1963 1329 2022 natam,
1346 1963 1374 2008 et
1394 1953 1462 2007 hinc

310 2038 371 2094 307,
385 2025 437 2093 308
454 2023 493 2078 ad
510 2023 637 2078 eiusdem
651 2024 749 2092 Pyrrhi
768 2033 910 2093 nepotem.
947 2026 985 2078 Et
1002 2040 1039 2078 ne
1057 2024 1112 2078 hoc
1131 2024 1246 2094 quidem
1262 2024 1316 2079 nisi
1334 2023 1462 2078 admisso

310 2112 404 2151 errore
417 2095 462 2149 fit:
480 2111 547 2149 nam
560 2104 590 2149 ut
604 2094 712 2176 Pyrrho
726 2096 834 2164 Magno
847 2094 904 2149 filia
917 2094 1071 2149 Deidamia
1083 2094 1143 2150 siue
1154 2093 1311 2150 Laodamia
1321 2094 1414 2161 fuerit,
1427 2111 1463 2149 ex

311 2183 368 2221 uno
385 2166 448 2220 loco
462 2164 562 2219 lustini
575 2165 668 2220 xxvrii.
682 2180 698 2234 3
711 2165 826 2220 elicitur.
866 2165 921 2235 Qui
940 2182 1005 2219 cum
1024 2165 1101 2220 dicat
1120 2183 1154 2220 ex
1171 2176 1256 2235 gente
1274 2164 1353 2234 regia
1369 2165 1463 2220 solam

312 2236 467 2292 Nereidem
483 2235 622 2306 uirginem
641 2253 705 2290 cum
725 2235 882 2290 Laodamia
900 2253 996 2292 sorore
1014 2235 1223 2306 superfuisse,e
1240 2235 1341 2307 quibus
1358 2235 1462 2290 Nereis

310 2309 399 2362 nubat
413 2306 524 2376 Geloni,
538 2306 694 2362 Laodamia
706 2324 724 2361 a
736 2306 841 2376 populo
854 2307 1001 2362 interfecta
1014 2307 1058 2375 sit,
1070 2307 1225 2362 Pausanias
1239 2317 1334 2362 autem
1346 2307 1382 2361 vi.
1396 2321 1462 2376 133

311 2389 340 2435 et
361 2377 495 2448 Polybius
514 2377 604 2443 vii.4
629 2390 641 2446 5
662 2378 800 2447 Pyrrhum
826 2379 866 2432 M.
886 2378 973 2432 tiliam
999 2376 1154 2432 Nereidem
1179 2377 1280 2432 Geloni
1305 2378 1463 2432 collocasse

311 2449 434 2518 tradant,
456 2448 628 2503 concludunt
651 2449 758 2518 Pyrrho
780 2449 898 2503 alteram
923 2449 1009 2503 filiam
1035 2448 1221 2503 Laodamiam
1242 2448 1335 2503 fuisse.
1373 2447 1462 2518 Atqui

313 2520 423 2576 Iustino
437 2519 539 2575 Nereis
552 2529 579 2574 et
593 2518 750 2573 Laodamia
767 2520 844 2573 solae
861 2537 895 2574 ex
909 2529 994 2588 gente
1010 2519 1089 2588 regia
1102 2519 1283 2590 Epirotarum
1295 2528 1463 2589 supererant

311 2601 377 2662 post
398 2590 560 2646 interiectos
582 2590 776 2644 Ptolemaeum
800 2599 828 2644 et
850 2590 987 2660 Pyrrhum
1008 2589 1106 2659 Pyrrhi
1128 2592 1168 2645 M.
1190 2599 1330 2660 nepotes;
1359 2589 1462 2660 quibus

312 2662 430 2716 mortuis
443 2671 471 2716 et
487 2670 578 2715 matre
596 2659 774 2742 Olympiade,
787 2662 827 2714 sic
841 2662 954 2715 demum
971 2661 1072 2716 Geloni
1085 2661 1166 2715 nubit
1180 2661 1290 2729 Nereis,
1305 2660 1464 2716 Laodamia

313 2732 486 2788 interficitur.
506 2733 606 2801 Itaque
620 2732 745 2785 Iustinus
754 2748 811 2784 non
823 2731 921 2801 Pyrrhi
931 2735 972 2786 M.
980 2732 1052 2786 filias
1064 2731 1217 2786 Nereidem
1227 2741 1255 2787 et
1266 2731 1463 2800 Laodamiam,

313 2803 366 2858 sed
390 2804 479 2858 multo
503 2801 667 2858 recentioris
691 2801 799 2870 habuit,
819 2801 904 2857 credo
925 2803 1024 2872 Pyrrhi
1046 2805 1075 2856 ΙΙ
1099 2802 1143 2856 cui
1168 2803 1255 2857 filiam
1278 2801 1463 2856 Deidamiam

314 2873 471 2928 Pausanias
490 2872 524 2928 iv.
545 2885 586 2941 35.
607 2887 623 2941 3
641 2871 747 2940 tribuit,
765 2873 901 2943 additque
914 2890 993 2942 eam,
1012 2891 1077 2928 cum
1096 2873 1178 2928 fuerit
1198 2873 1259 2928 sine
1277 2873 1382 2940 liberis,
1401 2889 1463 2926 rem

313 2944 494 3014 Epirotarum
513 2944 618 3013 populo
636 2943 833 2998 demandasse.
872 2945 935 3000 Nec
953 2954 1049 2999 tamen
1065 2943 1169 2999 infitior
1186 2943 1312 3014 potuisse
1325 2942 1463 2998 Ouidium

312 3013 354 3069 sic
371 3032 472 3083 errare,
489 3030 554 3068 cum
566 3015 702 3068 Aeacides
717 3015 840 3083 Pyrrhus
860 3016 900 3070 M.
920 3032 977 3068 non
996 3016 1084 3070 semel
1103 3026 1220 3069 uocatus
1239 3015 1283 3083 sit,
1298 3014 1346 3085 qui
1365 3024 1463 3069 autem

312 3085 454 3140 Aeacides
472 3101 540 3138 uero
559 3084 673 3139 nomine
691 3084 751 3153 suit,
765 3095 794 3140 et
810 3095 909 3140 natam
926 3084 1109 3141 Deidamiam
1127 3085 1225 3140 habuit
1239 3085 1336 3154 (Diod.
1349 3084 1402 3139 xvi.
1418 3097 1462 3153 72,

312 3154 367 3209 xix.
383 3172 395 3220 3
401 3153 426 3224 5)
440 3155 476 3209 ab
490 3153 595 3208 Ouidio
611 3154 762 3224 significari
780 3165 911 3226 nequeat,
924 3155 985 3211 siue
1021 3157 1078 3211 uod
1095 3157 1167 3212 haec
1181 3155 1334 3210 Deidamia
1351 3156 1462 3224 morbo,

312 3241 370 3280 non
383 3225 420 3293 ui,
433 3224 515 3294 periit
530 3225 612 3293 (Plut.
625 3227 738 3279 Demet.
747 3226 841 3294 xxxii),
852 3226 912 3281 siue
925 3227 1001 3297 quod
1034 3227 1097 3281 uius
1109 3225 1253 3282 Aeacidae
1265 3243 1354 3296 nepos
1367 3227 1462 3280 nullus

312 3312 424 3350 ueneno
434 3294 588 3349 exstinctus
601 3294 710 3350 dicitur.
730 3296 788 3350 Sed
801 3307 877 3352 esto:
894 3314 951 3352 non
965 3297 1006 3352 sic
1019 3297 1116 3352 errarit
1129 3304 1221 3380 poeta,
1232 3298 1283 3352 sed
1292 3296 1462 3352 Aeacidae

312 3375 423 3420 natam
437 3364 602 3420 intellexerit
614 3365 711 3435 Pyrrhi
724 3368 753 3420 II
766 3367 951 3422 Laodamiam
964 3367 1024 3424 siue
1035 3385 1091 3439 quo
1100 3370 1156 3423 alto
1165 3368 1280 3423 nomine
1292 3386 1344 3424 usa
1353 3377 1411 3422 est:
1431 3377 1461 3422 at

312 3436 430 3492 restabit
439 3453 496 3490 non
507 3435 601 3489 minus
610 3436 750 3506 explicatu
763 3437 885 3507 difficile,
896 3439 1039 3509 quomodo
1052 3439 1133 3494 dicti
1147 3439 1244 3493 modo
1256 3439 1346 3509 regis
1357 3455 1414 3494 non
1423 3438 1461 3492 ad

312 3507 439 3577 proxime
452 3506 669 3577 praecedentem
682 3508 853 3563 Aeaciden
866 3510 893 3564 h.
903 3527 926 3564 e.
939 3510 1077 3578 Pyrrhum
1087 3512 1116 3563 ΙΙ
1127 3510 1271 3579 referatur,
1281 3510 1332 3566 sed
1344 3511 1382 3564 ad
1395 3526 1460 3564 eum

312 3577 391 3632 cuius
405 3595 453 3632 sex
466 3587 533 3632 ante
549 3577 677 3632 uersibus
695 3579 869 3634 mentionem
885 3579 960 3648 fecit,
972 3580 1136 3635 Achilliden
1149 3582 1175 3636 h.
1185 3599 1209 3636 e.
1224 3581 1362 3650 Pyrrhum
1376 3582 1461 3648 Mag·

311 3666 388 3704 num.
427 3650 505 3703 Nam
523 3648 568 3703 hic
587 3648 657 3702 ordo
675 3649 779 3718 euadit,
797 3651 919 3720 Pyrrhus
934 3653 983 3720 M,
999 3653 1121 3720 Pyrrhus
1133 3651 1252 3706 Achillis
1269 3652 1298 3721 s,
1312 3651 1410 3723 Pyrrhi
1430 3651 1459 3705 II

311 3719 377 3789 filia,
392 3720 514 3789 Pyrrhus
529 3721 558 3773 Il
573 3718 642 3789 ipse.
679 3720 791 3790 Ecquid
803 3721 921 3776 futtilius
933 3721 1060 3792 magisne
1092 3724 1308 3792 raeposterum?

274 3814 275 3818 ¹
299 3793 308 3802 ’
346 3791 553 3860 Αᾱ309,310.
572 3791 636 3845 Αιιι
655 3790 710 3860 pia
727 3800 759 3845 te
778 3808 875 3847 caeso
893 3791 1024 3848 dicatur
1041 3811 1059 3848 a
1086 3795 1202 3862 ultera,
1221 3791 1306 3848 sicut

608 3861 678 3930 Qua
695 3861 818 3917 cecidit
838 3864 968 3917 Leucon
987 3863 1119 3918 uindice
1138 3864 1228 3918 dicta
1246 3864 1341 3933 piast.

347 3931 415 3987 Dixi
437 3949 486 3986 cur
505 3930 682 3987 Scholiastae
699 3948 757 3986 non
775 3933 940 4002 adstipulor‚
960 3934 1122 3989 Leuconem
1145 3951 1242 4003 regem
1263 3937 1459 4004 Bosporanum

310 4001 463 4072 significari
477 4024 485 4070 ;
502 4020 570 4057 nam
582 4001 628 4056 hic
641 4012 669 4057 et
684 4003 722 4056 ad
737 4013 912 4058 senectutem
924 4004 1055 4074 produxit
1071 4005 1220 4075 imperium
1236 4022 1289 4059 nec
1308 4004 1460 4075 quicquam

310 4074 348 4128 de
360 4073 498 4129 adulterio
511 4074 571 4128 eius
584 4088 637 4127 nec
650 4072 686 4127 de
699 4085 789 4129 morte
802 4091 874 4156 quae
887 4074 917 4128 id
929 4076 988 4130 ulta
1000 4075 1037 4130 sit
1050 4076 1087 4130 ab
1097 4075 1220 4146 antiquis
1233 4075 1358 4130 traditur.

345 4144 426 4199 Alius
452 4143 592 4200 Leuconis
617 4143 724 4214 (Schol.
750 4146 782 4200 Il
805 4145 834 4202 ir.
858 4144 922 4216 649)
947 4146 1009 4204 siue
1035 4147 1120 4204 Leuci
1149 4156 1226 4203 extat
1250 4145 1389 4202 memoria
1413 4162 1458 4217 ap.

311 4215 435 4285 Lycoph.
453 4227 618 4285 ιαμ-1225.

343 4371 358 4404 *
375 4369 412 4417 Ad
424 4370 559 4418 cabirorum
573 4379 596 4418 et
607 4367 695 4419 Cereris
709 4370 773 4420 initia
786 4387 834 4419 non
849 4372 930 4420 iniuria
945 4372 1029 4421 referas
1043 4373 1106 4435 quod
1121 4373 1182 4421 idem
1194 4341 1329 4421 Plutarchus
1345 4373 1416 4421 tradit
1431 4373 1461 4420 de

310 4443 415 4494 serpente
431 4436 471 4496 qui
487 4435 622 4499 Olympiadi
638 4438 770 4485 accubuerit
788 4439 885 4498 (Alii),
903 4447 927 4486 et
944 4439 974 4486 de
989 4440 1115 4487 mansuetis
1132 4441 1244 4501 anguibus
1261 4454 1318 4500 quos
1334 4437 1419 4502 thyrsis
1435 4445 1460 4486 st

310 4500 548 4614 msnstbsatrsclqanqium
565 4503 728 4566 circumplicati
746 4504 884 4560 instituerim
905 4519 959 4553 nam
974 4516 1087 4566 serpentes
1102 4502 1232 4568 Δήμητρος
1246 4502 1397 4568 ἀμφιπόλους
1411 4519 1460 4552 me-

309 4579 375 4614 mora
423 4580 447 4614 ra
465 4579 548 4630 ⁰s9.4·
