3312 5200
306 457 362 518 118
704 451 1053 514 COMMENTARIVS.

302 619 345 668 est
361 615 474 668 sacrata
496 612 625 666 Tonanti.
698 613 769 666 285.
788 613 876 666 dedit
893 613 994 665 eeltue
1012 607 1115 677 sallust,
1133 617 1163 662 ut
1182 607 1295 677 saepius
1315 606 1344 660 in
1365 609 1460 662 Meta-

303 685 413 754 morph.
449 699 572 738 summe
590 682 653 737 Val.
677 683 709 736 F.
728 681 775 738 vii.
793 683 846 736 606
870 684 902 736 in
923 698 1034 734 summa
1058 679 1195 750 Lapithes
1215 681 1354 750 apparuit
1377 680 1457 732 Ossa.

303 758 473 810 'Thessalus
491 770 595 808 nomen
614 752 688 822 regis
707 753 909 808 Tbessalorum
929 752 1014 806 Diod.
1032 750 1068 805 iv.
1091 764 1167 819 541.
1205 751 1247 804 Cf.
1265 752 1336 804 Vell.
1356 751 1387 804 Ρ.
1401 749 1417 804 i.
1432 764 1458 817 3.

307 827 411 880 Chron.
434 825 540 879 Euseb.
566 824 603 878 ad
631 840 696 878 ann.
716 824 849 877 Abrahae
869 837 921 889 224
942 823 1006 876 κατά
1027 819 1133 876 τούτους
1151 820 1211 875 τοὺς
1228 824 1338 890 χρόνους
1355 825 1460 889 πρῶτος

303 897 462 957 ἐβασίλευσε
480 896 630 950 θεσσαλίας
648 897 663 947 ὁ
682 898 791 965 Γραικοῦ
808 895 868 948 nais
887 893 1035 947 θέσσαλος.
1072 892 1157 961 Quod
1174 891 1335 948 Scholiasta
1356 892 1459 944 Ionum
1482 920 1487 929 .

304 968 379 1022 hunc
400 966 486 1030 fuisse
509 965 585 1034 dicit,
607 982 692 1035 quem
717 965 840 1020 eundem
864 981 899 1018 ac
925 963 1030 1018 Lucani
1060 965 1162 1016 Ionum
1189 961 1236 1030 (vi.
1257 977 1309 1028 402
1338 963 1460 1015 Primus

308 1037 468 1092 Thessaliae
489 1043 580 1090 rector
598 1037 711 1090 tellures
727 1037 816 1090 Ionus
836 1036 873 1089 In
889 1035 1019 1105 sormam
1043 1034 1151 1088 calidae
1169 1035 1312 1104 percussit
1328 1033 1460 1102 pondera

303 1125 419 1176 massae,
428 1108 462 1161 cf.
473 1107 671 1161 Cassiod.Var.
682 1106 719 1160 iii.
726 1107 770 1174 31)
782 1105 1062 1160 Schraderushabuit
1070 1123 1115 1174 ap.
1126 1103 1303 1172 Merkelium‚
1312 1104 1459 1157 crederem

304 1179 328 1232 si
342 1179 378 1232 de
390 1177 623 1247 praecipitatione
638 1177 699 1230 Ioni
712 1177 847 1230 traditum
860 1175 1011 1247 quicquam
1024 1186 1107 1230 esset.
1153 1178 1224 1229 286.
1242 1178 1458 1239 praecipitere.

305 1252 455 1319 Nusquam
480 1250 534 1302 hoc
560 1248 595 1302 de
620 1249 758 1302 Thessalo
783 1247 908 1301 traditur.
1017 1250 1087 1302 287.
1104 1249 1284 1311 Eurylochi.
1325 1245 1459 1298 Eundem

304 1321 396 1374 habeo
415 1320 452 1373 de
471 1336 527 1389 quo
546 1318 651 1388 scripta
667 1319 739 1372 haec
759 1317 853 1372 inueni
872 1317 900 1371 in
920 1317 982 1372 cod.
1004 1317 1110 1371 Canon.
1125 1329 1168 1384 72,
1186 1333 1213 1384 p.
1226 1315 1296 1385 25b*
1312 1316 1460 1370 cenobates

303 1408 357 1446 rer
368 1390 527 1444 Thessaliae
537 1391 673 1459 templum
684 1391 708 1443 C
706 1392 793 1443 oreris
800 1389 954 1443 combussit.
985 1388 1066 1442 Ceres
1074 1404 1141 1442 uero
1149 1389 1210 1441 siue
1219 1387 1333 1457 Iupiter
1339 1387 1461 1439 immisit

303 1465 457 1532 serpentem
469 1463 522 1530 qui
533 1478 597 1514 eum
612 1461 771 1514 deuorauit.
795 1461 845 1513 ille
855 1464 967 1530 serpens
979 1461 1011 1512 in
1023 1460 1129 1512 caelum
1142 1458 1301 1512 translatus
1311 1463 1352 1510 est
1364 1462 1398 1510 nt
1409 1458 1462 1526 qni

304 1533 389 1592 illum
414 1533 543 1586 uiderent
566 1531 600 1584 ab
624 1533 735 1584 iniuria
762 1531 877 1584 deorum
902 1532 1079 1584 abstinerent.
1130 1529 1213 1582 Haec
1237 1528 1338 1582 eadem
1362 1528 1460 1581 sabula

305 1602 422 1671 Hygino
431 1612 545 1656 narrata
554 1610 597 1656 est
610 1601 646 1655 de
657 1601 762 1670 Triopa
774 1618 841 1670 rege
851 1601 1016 1656 Thessaliae
1028 1602 1057 1654 P.
1069 1602 1103 1656 A.
1112 1599 1141 1653 ii.
1155 1614 1187 1665 14
1199 1601 1362 1652 Nouissime
1368 1602 1461 1668 prope

304 1675 345 1728 ael
360 1674 513 1727 terminum
535 1675 612 1726 uitae
629 1669 748 1726 draco'ne
766 1673 865 1726 obiecto
886 1673 964 1726 mala
980 1671 1112 1741 plurima
1128 1673 1285 1740 perpessus,
1304 1669 1460 1738 aliquando

305 1750 423 1798 mortem
440 1745 565 1814 adeptus,
577 1745 655 1796 inter
665 1749 745 1796 astra
759 1744 867 1797 Cereris
883 1744 1031 1796 uoluntate
1046 1747 1086 1795 est
1103 1744 1279 1795 constitutus.
1318 1741 1376 1794 Sed
1393 1739 1460 1794 uide

305 1817 471 1868 Excursum.
544 1817 616 1868 288.
635 1820 724 1868 artus
739 1816 812 1883 Hyg.
826 1815 856 1868 P.
866 1815 899 1867 A.
913 1828 944 1879 14
956 1814 1057 1884 Itaque
1069 1812 1161 1867 adhuc
1172 1811 1290 1865 uidetur
1298 1828 1362 1864 eum
1375 1812 1460 1864 draco

305 1886 511 1955 circumplexus
519 1890 633 1938 aeterna
646 1890 812 1938 maerentem
821 1886 927 1955 afficere
933 1888 1035 1955 poena.
1090 1886 1159 1936 289.
1178 1887 1317 1936 monstret
1328 1891 1460 1951 properet

306 1955 405 2024 ‘bring
417 1973 454 2008 on
467 1955 563 2009 before
577 1954 612 2008 its
625 1955 710 2009 time!
747 1957 819 2008 Hor.
830 1958 860 2009 C.
872 1954 908 2009 iii.
921 1955 1140 2022 7.14-16nimis
1154 1955 1236 2008 Casto
1248 1952 1463 2022 Bellerophonti

307 2027 479 2082 Maturare
498 2042 621 2079 necem.
661 2026 732 2079 Cels.
744 2025 790 2080 vii.
801 2039 826 2092 7.
837 2039 852 2092 7
867 2029 976 2096 eosqui
986 2028 1146 2080 carcinoma
1157 2024 1260 2078 habent
1270 2041 1373 2078 curare
1382 2026 1460 2094 peri-

306 2097 432 2151 culosum
445 2102 504 2150 est:
523 2113 590 2149 nam
603 2107 740 2151 mortem
753 2113 860 2166 quoqne
871 2115 904 2150 ea
917 2114 961 2150 res
971 2107 1101 2151 maturat.
1202 2098 1273 2149 290.
1290 2099 1352 2149 Per
1364 2101 1461 2158 eaput

305 2169 439 2222 infusae.
476 2168 569 2221 Schol.
581 2169 650 2221 Ven.
667 2169 699 2220 ll.
713 2166 741 2220 ii.
755 2179 802 2235 145
823 2170 836 2220 ὁ
852 2168 982 2222 Δαίδαλος
996 2169 1103 2221 διαπτὰς
1114 2167 1150 2222 εἷς
1162 2167 1276 2236 Κάμικον
1288 2167 1333 2233 τῆς
1345 2167 1461 2220 Σικελίας

305 2239 389 2306 ἔμεινε
406 2238 476 2308 παρὰ
492 2240 547 2292 ταῖς
560 2239 684 2291 Κωκάλου
697 2237 864 2307 θυγατράσιν,
877 2235 924 2307 ὑφ’
936 2235 972 2291 ὧν
984 2241 998 2291 ὁ
1012 2239 1105 2305 Μίνως,
1119 2237 1185 2306 ἥκων
1196 2236 1237 2290 ἐπ’
1248 2236 1402 2304 ἀναζήτησιν
1413 2241 1461 2289 τοῦ

306 2308 447 2374 Δαιδάλου,
461 2307 617 2376 ἀποθνήσκει
632 2308 858 2377 καταχυθέντας
870 2309 963 2362 αὐτοῦ
980 2311 1092 2376 ξεστοῦ
1105 2307 1226 2362 ὕδατος.
1265 2307 1311 2361 Sic
1324 2324 1385 2360 rem
1397 2325 1461 2360 nar·

307 2388 402 2434 rarant
414 2379 650 2448 Philostephanus
660 2388 688 2433 et
700 2379 889 2433 Callimachus
903 2379 932 2432 in
941 2378 1040 2448 neeis,
1051 2378 1154 2433 diuersi
1167 2379 1206 2432 illi
1220 2395 1237 2432 a
1251 2378 1380 2431 Diodoro
1390 2393 1416 2443 4.
1427 2391 1462 2447 79

307 2450 355 2520 qui
377 2450 504 2504 Minoem
526 2449 594 2503 dicit
615 2449 733 2519 periisse
752 2467 816 2504 cum
837 2449 922 2504 nimis
942 2450 991 2505 diu
1013 2450 1041 2504 in
1064 2449 1181 2504 thermis
1200 2449 1332 2502 detentus
1353 2448 1459 2503 luisset.

307 2524 375 2574 291.
393 2537 508 2585 perum
519 2524 607 2574 mitis
617 2520 693 2575 ‘that
706 2520 792 2574 failed
804 2521 833 2574 in
847 2521 890 2574 his
903 2521 1120 2590 philanthropy.’
1138 2520 1260 2574 Volebat
1275 2521 1461 2573 Prometheus

307 2591 462 2646 beneuolus
481 2608 544 2645 esse
565 2593 759 2662 (φιλάνθρωπος
779 2593 871 2646 Prom.
888 2591 934 2661 11)
953 2591 1123 2659 hominibus,
1143 2590 1200 2660 igni
1219 2591 1343 2658 inuent0,
1362 2607 1462 2644 reuera

236 2699 237 2702 =
307 2673 403 2717 autem
421 2662 542 2716 nocebat
557 2661 676 2731 (partem
694 2664 773 2716 mitis
790 2661 901 2732 euasit).
951 2664 1028 2716 Nam
1049 2663 1175 2732 luppiter
1193 2661 1280 2716 iratus
1300 2662 1461 2715 Pandoram

308 2733 423 2800 creauit,
437 2733 512 2786 unde
525 2733 621 2786 omnia
633 2735 708 2788 mala
721 2732 891 2787 hominibus.
920 2735 992 2787 Rern
1002 2744 1098 2787 narrat
1114 2730 1313 2787 Hesiodus⁴E.
1328 2752 1351 2783 κ.
1364 2730 1411 2786 Ἥ.
1426 2747 1462 2800 49

309 2821 371 2874 sqq.
396 2803 499 2873 Χαίρεις
520 2807 572 2872 πῦρ
593 2803 696 2872 κλέψας
721 2805 763 2856 καὶ
781 2805 845 2872 ε’μάς
868 2803 965 2873 φρένας
987 2801 1173 2875 ἠπεροπεύσας,
1195 2804 1240 2856 Σοί
1259 2801 1280 2856 τ’
1302 2803 1370 2872 αὐτῷ
1395 2804 1462 2873 μέγα

307 2878 379 2942 πῆμα
391 2875 431 2927 καὶ
441 2873 565 2943 ἀνδράσιν
574 2873 752 2942 ἐσσομένοισι.
774 2876 833 2928 Τοῖς
845 2872 868 2927 δ’
876 2876 927 2944 ἐγὼ
940 2874 995 2928 άντὶ
1007 2876 1087 2942 πυρὸς
1096 2875 1172 2928 δώσω
1185 2875 1261 2927 κακὸν
1270 2868 1292 2944 qi
1302 2895 1344 2926 κεν
1353 2874 1463 2927 άπαντες

308 2946 454 3014 Τέρπωνται
467 2946 529 2997 κατά
542 2945 622 3012 θυμὸν
634 2946 676 2997 ε’ὀν
688 2945 764 2997 κακδν
777 2945 989 3015 ἀμφαγαπῶντες.
1026 2949 1144 3000 Parum
1156 2941 1247 2999 mitie'
1262 2960 1326 2997 cum
1345 2944 1462 2998 Sanctio

309 3015 416 3070 dictum
435 3025 503 3084 puto
522 3032 573 3083 per
591 3015 710 3069 ironiam
728 3025 874 3086 tamquam
891 3021 1000 3086 parum
1020 3018 1101 3084 Μῆτις
1119 3025 1194 3070 esset
1214 3015 1260 3085 qui
1279 3016 1464 3068 Prometheus

308 3086 470 3140 uocabatur.
497 3087 566 3140 P.V.
577 3087 609 3153 85
623 3086 798 3156 Ψευδωνύμως
807 3109 839 3140 σε
852 3087 970 3155 δαίμονες
979 3087 1119 3155 Προμηθέα
1128 3090 1269 3140 Καλοῦσιν·
1285 3087 1361 3140 αὐτὸν
1370 3088 1421 3156 γάρ
1431 3107 1464 3139 σε

308 3157 348 3208 δεῖ
361 3155 525 3224 Προμηθέως.
562 3157 646 3225 Prop.
660 3156 695 3209 iii.
710 3169 732 3226 5.
744 3170 768 3225 7,
779 3159 795 3211 8
811 3158 835 3211 O
842 3160 943 3229 prima
954 3158 1189 3228 cirselirfingenti
1199 3163 1276 3210 terra
1288 3156 1463 3223 Prometheo,

307 3227 363 3281 Ille
381 3243 495 3295 parum
517 3226 606 3280 cauti
623 3230 746 3296 pectoris
763 3231 823 3298 egit
841 3233 918 3298 opus.
956 3231 1016 3282 Sed
1033 3245 1098 3282 non
1115 3232 1243 3298 inpune,
1261 3244 1329 3281 nam
1349 3229 1464 3281 Prome-

308 3298 391 3350 theus
402 3296 470 3350 dum
480 3314 533 3378 per
542 3298 769 3352 beneuolentiam
781 3309 865 3353 nocet
877 3297 1048 3367 hominibus
1059 3299 1119 3369 ipse
1132 3315 1254 3367 poenam
1267 3297 1329 3352 tulit
1342 3314 1464 3367 pascens

308 3367 460 3436 u'ulturium
479 3384 507 3420 1n
528 3369 663 3423 Caucaso,
702 3369 788 3423 ‘Like
802 3371 986 3424 Prometheus
1005 3371 1100 3424 whose
1118 3369 1335 3424 ill-adventured
1354 3368 1464 3437 philan-

309 3439 412 3507 thropy
434 3439 510 3492 drew
533 3439 715 3508 punishment
740 3457 777 3493 on
802 3440 932 3494 himself!
970 3442 1035 3494 Hoc
1059 3440 1159 3494 melius
1185 3457 1270 3510 quam
1295 3449 1325 3492 ut
1349 3456 1465 3504 perum

309 3512 397 3563 mitis
410 3509 445 3562 de
462 3509 570 3577 αὐθαδίᾳ
590 3509 750 3564 Promethei
768 3511 900 3580 explices,
917 3511 952 3564 cf.
966 3513 997 3565 P.
1013 3513 1043 3564 V.
1062 3513 1128 3565 1008
1149 3511 1241 3582 Τέγγει
1253 3513 1304 3580 γὰρ
1317 3511 1392 3564 οὐδὲν
1404 3509 1464 3562 οὐδὲ

309 3579 459 3650 μαλθάσσει
477 3579 538 3649 κέαρ
556 3583 652 3634 Λιταῖς·
672 3580 754 3634 δακὼν
773 3581 801 3633 δὲ
820 3584 929 3651 στόμιον
946 3581 980 3636 ὡς
998 3582 1118 3652 νεοζυγὴς
1135 3586 1228 3636 Πῶλος
1245 3583 1328 3647 βιάζει
1347 3583 1465 3647 καὶπρὸς

309 3650 380 3716 ἡνίας
391 3652 478 3720 μάχει.
501 3649 581 3718 Ἀτάρ
594 3649 738 3720 σφοδρῦνει
750 3649 775 3722 γ’
787 3653 892 3705 ἀσθενεῖ
904 3653 1060 3721 σοφίσματι.
1089 3653 1202 3706 Aitolia
1214 3653 1264 3723 γὰρ
1276 3655 1311 3722 τῷ
1324 3654 1465 3721 φρονοῦντι

308 3721 343 3789 μὴ
356 3723 441 3775 καλῶς
453 3721 521 3788 Αὐτὴ
534 3718 589 3774 καθ’
603 3721 680 3789 αὑτὴν
698 3723 800 3778 οὐδένας
811 3725 883 3790 μεῖον
895 3721 997 3777 σθένειτ
1027 3723 1079 3777 etsi
1092 3722 1201 3776 facilius
1215 3723 1256 3777 sic
1268 3739 1333 3776 non
1344 3726 1466 3787 inpune

309 3792 347 3846 ad
371 3808 494 3861 poenam
518 3793 636 3847 refertur
663 3793 756 3861 Quam
780 3794 922 3863 qnondam
946 3794 1023 3848 silici
1044 3796 1191 3847 restrictus
1218 3794 1342 3847 membra
1364 3800 1465 3847 catena

309 3863 455 3916 Persoluit
462 3864 587 3933 pendens
599 3881 614 3915 e
626 3863 778 3917 antiochus
785 3866 954 3934 praeruptis
968 3866 1027 3918 Cat.
1043 3865 1107 3919 lxiv.
1118 3865 1179 3933 296.
1290 3868 1361 3918 292.
1375 3867 1465 3918 uolu-

309 3949 379 3987 eres
397 3933 481 3985 αἰετόν
500 3935 531 3987 P.
544 3935 578 3987 V.
596 3945 759 4001 root-1025,
780 3936 851 3988 Hes.
870 3937 976 4003 Theog.
993 3947 1052 4004 525,
1070 3936 1124 4004 Ap.
1145 3937 1180 3988 R.
1193 3933 1220 3990 ii.
1237 3947 1312 4003 1253,
1331 3935 1464 4004 Apollod

309 4003 326 4058 i.
337 4017 362 4070 7.
374 4019 395 4072 1,
406 4005 535 4072 aquilam
548 4006 623 4072 Hyg.
636 4019 692 4072 144,
704 4006 848 4058 uulturcm
856 4007 917 4059 Val.
931 4008 963 4060 F.
973 4006 1020 4060 vii.
1029 4017 1089 4074 359,
1102 4008 1214 4060 Petron.
1224 4023 1268 4075 ap.
1281 4006 1362 4075 Fulg.
1373 4007 1465 4074 Myth.

310 4073 338 4128 ii.
349 4090 373 4143 9.
411 4077 495 4128 fixus
505 4076 588 4128 Tusc.
599 4074 680 4144 Disp.
691 4074 718 4130 ii.
731 4091 770 4129 10.
782 4090 815 4143 23
828 4077 931 4145 affixus
942 4077 983 4130 ια’
994 4077 1158 4130 Caucasum.
1226 4079 1295 4130 298.
1313 4079 1466 4130 Echecra-

309 4148 399 4199 tidee.
424 4146 593 4199 Thessalum
604 4146 688 4199 credo
696 4145 792 4213 fuisse,
800 4157 828 4200 et
838 4165 873 4200 ex
882 4147 968 4216 stirpe
976 4147 1177 4216 Aleuadarum,
1186 4163 1253 4201 nam
1263 4148 1466 4216 testeleiano

311 4215 349 4268 ad
369 4218 453 4270 Dem.
473 4217 588 4284 Olynth.
606 4231 616 4268 1
632 4215 740 4271 Ἀλεύας
759 4217 887 4286 ἀπόγονός
904 4240 942 4271 τις
959 4222 1005 4270 τοῦ
1021 4217 1189 4286 Ἡρακλέους,
1209 4220 1348 4283 θετταλάς,
1362 4219 1466 4288 ἐτυράν-

310 4307 387 4339 νευσε
395 4291 447 4339 τῶν
457 4287 602 4351 θετταλῶν,
610 4282 665 4339 εἶτα
673 4288 697 4339 ol
706 4286 798 4340 τούτου
810 4288 908 4342 παῖδες.
934 4288 1143 4342 Echecratiden
1156 4306 1253 4357 regem
1262 4289 1467 4343 Thessalorum

309 4366 449 4411 memorat
457 4357 639 4426 Thucydides
648 4357 664 4411 i.
677 4373 723 4411 111
735 4378 742 4424 ;
759 4357 853 4427 alium,
863 4359 991 4412 Arnoldo
1004 4359 1097 4413 iudice
1110 4359 1192 4414 huius
1201 4376 1295 4428 auum,
1305 4359 1467 4414 Scholiasta

343 4493 358 4528 *
376 4493 465 4553 Sumpsi
477 4494 534 4541 haec
545 4509 575 4542 ex
584 4495 755 4543 Commentario
767 4497 791 4542 in
803 4497 1005 4558 Metamorphoses
1016 4499 1045 4544 ad
1056 4497 1080 4544 ii.
1092 4510 1147 4562 139.
1173 4499 1237 4546 idem
1247 4498 1354 4547 Scholion
1366 4507 1431 4545 extat
1443 4499 1468 4544 in

309 4557 400 4606 Canon.
412 4571 423 4606 1
436 4560 474 4605 ubi
488 4560 610 4607 Corobates
622 4569 645 4607 et
658 4561 746 4608 Canon.
759 4569 772 4622 7
784 4564 823 4609 ubi
836 4563 976 4628 ¹Carnabotes
986 4579 1028 4611 rex
1040 4563 1082 4612 iste
1094 4565 1183 4614 dicitur.
1210 4564 1292 4612 Fuitne
1303 4563 1446 4623 Eurybates?
