3294 5214
666 408 913 470 PRAEFATIO.
1343 413 1381 473 vii

228 585 302 643 quae
317 585 354 626 ex
369 567 470 627 codice
484 565 613 626 miscello
626 566 819 627 bibliothecae
832 566 1049 628 Vallicellianae
1068 569 1148 647 apud
1167 570 1197 631 S.
1212 569 1380 648 Philippum

228 661 352 734 Romae,
373 679 465 720 manu
488 661 606 738 propria
628 661 748 720 Achillis
771 661 852 720 Statii
876 663 1029 740 exscripta,
1050 665 1182 742 Angelus
1204 663 1308 738 Maius,
1331 667 1381 743 qui

226 756 361 831 repperit,
383 755 472 815 edidit
492 773 572 815 anno
597 758 693 830 18233
721 773 792 814 mox
815 775 841 815 a.
859 760 936 815 1826
957 758 1069 835 repetiit
1089 757 1252 820 Fridericus
1273 759 1378 820 Osann

227 849 330 909 additis
344 849 463 926 Apulei
476 849 606 908 Minoris
621 851 653 908 de
666 849 744 909 Nota
758 849 954 926 Aspirationis
968 858 996 910 et
1009 853 1041 910 de
1054 853 1232 932 diphthongis
1245 852 1320 912 libri
1330 851 1380 913 II.

185 946 187 950 ‘
227 941 474 1021 orthographiam
505 943 589 1003 istam
620 961 645 1002 a.
675 947 753 1018 1829
782 945 891 1020 primus
920 944 1088 1022 Maduigius
1116 945 1227 1023 Opusc.
1255 948 1273 1006 i.
1302 965 1379 1023 1-29

226 1037 385 1114 perspicuis
401 1037 508 1097 fraudis
522 1039 598 1097 notis
612 1038 738 1097 inustam
757 1055 821 1098 esse
842 1039 946 1098 euicit:
969 1057 1059 1115 quem
1079 1050 1196 1100 secutus
1218 1040 1379 1101 Merkelius
1412 1111 1415 1118 ¹

227 1134 336 1194 Prolus.
352 1136 391 1195 ad
405 1135 471 1194 Ibin
486 1153 535 1212 pp.
549 1137 684 1211 383·388
699 1153 716 1194 a
731 1134 886 1196 Ludouico
906 1133 1006 1196 Caeli0
1025 1136 1198 1215 Rhodigino
1220 1140 1378 1199 confictam

226 1238 294 1305 post
314 1246 425 1287 annum
449 1232 525 1304 1508
548 1247 585 1287 ex
606 1228 770 1288 Constantii
791 1228 933 1289 Fanensis
948 1229 1110 1308 Hecatostye
1125 1242 1154 1292 et
1168 1231 1380 1292 Sorritronilus

226 1323 424 1382 demonstrare
440 1332 562 1383 conatus
576 1330 627 1382 est
679 1323 748 1395 Qua
763 1323 854 1396 dere,
870 1341 1051 1402 quamquam
1067 1323 1222 1403 Maduigio
1237 1327 1380 1386 assentior

226 1417 330 1477 ficticia
344 1435 380 1476 ea
394 1417 557 1494 fragmenta
577 1416 678 1488 uideri,
699 1418 855 1494 praecipue
876 1428 995 1495 propter
1015 1419 1190 1495 scriptorum
1210 1420 1378 1497 ignotorum

225 1510 437 1570 multitudinem
460 1511 510 1588 qui
535 1512 565 1568 in
587 1510 622 1568 iis
645 1510 807 1582 laudantur,
830 1512 923 1589 (quod
947 1511 1055 1571 fraudis
1076 1512 1214 1571 indicium
1235 1514 1322 1571 etiam
1348 1513 1378 1570 in

226 1603 341 1664 scholiis
355 1603 535 1682 notabimus)
548 1603 682 1664 nondum
697 1614 796 1664 tamen
810 1605 881 1663 mihi
896 1607 1038 1681 persuasit
1053 1605 1211 1666 Merkelius
1233 1607 1321 1666 ducta
1342 1623 1378 1665 ea

225 1697 312 1759 fuisse
326 1718 363 1759 ex
379 1698 560 1759 Constantio.
603 1698 679 1757 Illud
694 1699 833 1775 suspicor,
849 1699 916 1758 ficta
934 1699 1023 1759 fuisse
1040 1717 1100 1777 quo
1118 1707 1253 1776 tempore
1271 1699 1332 1758 Ibis
1346 1701 1377 1758 in

222 1791 360 1851 manibus
380 1793 477 1852 adhuc
498 1803 575 1852 esset
594 1792 781 1864 eruditomm,
797 1793 849 1852 sed
869 1802 1027 1870 postquam
1045 1791 1150 1852 Graeci
1171 1803 1277 1869 poetae
1299 1803 1327 1853 et
1347 1795 1376 1852 in

225 1904 277 1946 eos
290 1896 421 1947 uetemm
436 1886 546 1947 scholia
559 1886 754 1946 innotuissent
767 1904 802 1945 ac
817 1887 1020 1946 lectitarentur.
1063 1887 1149 1959 Quae
1171 1887 1194 1946 si
1217 1888 1275 1946 iam
1297 1905 1378 1946 anno

229 1994 304 2056 1507
327 1998 487 2057 paucomm
511 1980 646 2039 manibus
671 1981 723 2038 teri
746 1990 853 2056 coepta
873 1990 927 2052 est,
948 1982 989 2040 uti
1011 1981 1167 2040 confirmat
1187 1981 1377 2042 Constantius

226 2075 329 2135 Hecat.
344 2075 380 2146 iv,
396 2070 558 2152 lrdgmenta
572 2076 627 2134 ista
642 2082 710 2133 ante
724 2074 812 2134 finem
834 2092 910 2134 saec.
925 2093 963 2133 xv
976 2075 1105 2134 conflata
1124 2075 1306 2134 crediderim.
1349 2075 1378 2134 Α

225 2185 412 2246 quocumque
440 2179 505 2228 orta
533 2177 607 2240 sunt,
633 2168 773 2229 lectorem
797 2168 927 2246 produnt
948 2168 1048 2229 Ibidis.
1091 2169 1170 2229 Nam
1194 2187 1256 2229 non
1281 2169 1376 2230 solum

225 2264 309 2324 huius
327 2274 385 2323 tres
402 2263 459 2323 loci
476 2263 667 2340 explicantur,
682 2263 697 2338 §
712 2281 729 2335 4
745 2262 782 2322 de
801 2263 878 2322 Delo
895 2280 984 2340 quam
997 2263 1146 2340 Apollonos
1161 2263 1245 2322 luno
1257 2263 1379 2340 intelligi

224 2368 304 2418 ratus
328 2366 373 2417 est
396 2375 424 2416 u.
449 2376 520 2433 330,
543 2357 558 2433 ξ
579 2359 615 2415 16
638 2357 675 2415 de
698 2356 798 2433 Pyrrhi
821 2355 960 2432 Epirotae
986 2358 1094 2433 sparsis
1116 2358 1232 2416 ossibus
1254 2375 1283 2416 u.
1308 2375 1377 2432 304,
1421 2353 1422 2358 ’

224 2452 292 2527 §44
312 2451 349 2511 de
363 2450 448 2510 Chao
466 2451 516 2510 ubi
534 2468 564 2510 u.
580 2455 618 2522 84
634 2450 710 2522 citat,
726 2449 778 2508 sed
796 2450 834 2510 ad
853 2449 919 2508 Ibin
941 2450 1098 2509 manifesto
1117 2450 1321 2525 reuocantur§
1338 2468 1373 2510 ar

224 2547 262 2605 de
282 2545 399 2605 Antaeo
419 2542 505 2604 fratre
525 2543 667 2604 Busiridis
687 2562 715 2603 u.
734 2556 801 2618 395,
823 2544 891 2619 §39
907 2544 944 2603 de
961 2542 1127 2603 Laodamia
1145 2541 1203 2602 filia
1224 2543 1325 2621 Pyrrhi
1345 2543 1376 2602 in

224 2640 335 2716 templo
358 2638 511 2698 crudeliter
533 2637 674 2698 trucidata
696 2638 734 2696 ab
751 2637 880 2714 Epirotis
895 2656 923 2696 u.
941 2651 1009 2712 305,
1028 2637 1151 2700 fortasse
1170 2639 1258 2697 etiam
1274 2638 1289 2713 ξ
1307 2657 1321 2696 a
1339 2638 1377 2698 de

224 2733 365 2803 Busiride,
380 2732 395 2807 ξ
407 2752 424 2808 3
441 2733 477 2792 de
492 2731 601 2792 Clotho
616 2731 741 2792 Lachesi
756 2732 881 2809 Atropo,
896 2732 911 2807 ξ
923 2733 941 2788 6
957 2732 994 2791 de
1008 2731 1093 2804 Allia,
1108 2731 1123 2806 ξ
1138 2749 1172 2790 11
1186 2730 1375 2804 Eumenides,

224 2827 292 2903 §43
317 2828 354 2887 de
379 2826 465 2886 Batto
488 2836 577 2904 poeta
600 2826 651 2903 qui
675 2827 706 2884 in
730 2825 821 2884 Ibidis
846 2825 963 2885 scholiis
988 2842 1201 2902 saepenumero
1225 2835 1377 2903 tamquam

223 2939 361 2981 uersuum
385 2917 507 2998 scriptor
531 2920 664 2980 laudatus
689 2930 750 2980 est:
782 2919 818 2980 cl.
843 2919 886 2978 Ib.
916 2939 985 2996 399,
1012 2938 1080 2994 243,
1108 2937 1175 2995 219,
1203 2933 1270 2994 225.
1314 2919 1375 2980 Sed

224 3016 382 3076 dicendum
398 3025 443 3074 est
459 3013 585 3074 breuiter
601 3014 637 3074 de
658 3013 750 3073 tribus
769 3014 824 3073 illis
841 3013 913 3073 locis
928 3014 1010 3091 quia
1029 3012 1158 3073 Caecilio
1175 3013 1232 3073 isto
1246 3014 1375 3090 Apuleio

224 3110 359 3187 explicati
386 3118 461 3168 sunt.
502 3108 518 3184 ξ
540 3127 557 3180 4
580 3105 677 3166 Rhoeo
699 3109 812 3183 capim
834 3126 883 3178 .r.,
903 3108 974 3183 filia
999 3105 1133 3184 Staphyli
1153 3113 1180 3165 et
1205 3106 1377 3184 Cimolia,
1458 3169 1461 3176 ,

223 3202 365 3262 sorori'lus
384 3201 535 3278 Molpaelia
557 3203 656 3274 maor,
676 3202 836 3261 Parthenia
857 3203 971 3270 menon·
998 3220 1068 3277 quae
1088 3200 1125 3259 ab
1149 3200 1280 3277 Apolline
1304 3221 1375 3260 corn-

220 3308 317 3373 pressa
325 3298 594 3375 grouz'eloquefacta
607 3316 626 3354 a
635 3303 718 3373 patre
731 3298 762 3354 in
776 3316 844 3355 arca
858 3296 969 3354 inclusa
983 3302 1029 3366 cst,
1044 3301 1071 3352 et
1082 3297 1112 3353 in
1126 3314 1205 3353 ruore
1218 3295 1328 3366 decedo,
1344 3298 1376 3354 in

223 3391 326 3450 Delum
346 3392 461 3468 appulit,
476 3391 626 3467 filiumque
641 3393 743 3466 genuit
761 3392 868 3449 nomene
888 3388 1006 3462 Anium,
1030 3389 1082 3465 qui
1102 3391 1174 3447 clam
1196 3388 1232 3448 od
1246 3389 1378 3465 Apolline

223 3485 309 3544 alt'tres
325 3491 352 3542 et
366 3485 512 3543 &utulate
528 3485 645 3542 donatus
661 3482 707 3556 es't,
721 3484 878 3560 Polycarpi
890 3482 1001 3541 Aletini
1016 3480 1201 3558 Maxrinz'qru
1216 3485 1375 3543 teshnionio.

176 3579 181 3592 “
226 3579 259 3640 C.
273 3580 416 3639 Proculus
429 3580 459 3636 in
472 3596 526 3637 sua
538 3576 618 3653 Lyde
630 3586 657 3637 et
668 3576 775 3638 Sextus
793 3577 940 3636 Gracchus
954 3578 985 3635 in
1002 3578 1073 3636 libro
1086 3594 1213 3636 amorum
1226 3577 1375 3636 hellarium

222 3674 419 3751 elegantissime
435 3679 616 3732 exornarunt
632 3715 639 3730 .
655 3716 684 3731 ..
704 3671 825 3730 medius
841 3677 898 3729 out.
912 3689 941 3728 u.
955 3690 982 3730 a.
996 3691 1021 3746 q.
1037 3671 1055 3728 l.
1070 3689 1096 3729 a.
1112 3690 1134 3729 o.
1150 3690 1178 3728 n.
1192 3689 1219 3730 o.
1234 3671 1260 3729 d.
1275 3672 1303 3730 h.
1320 3715 1327 3732 .
1343 3715 1349 3729 .
1365 3716 1373 3732 .

222 3767 327 3827 Delum
347 3768 420 3824 enirn
444 3807 454 3826 .
479 3809 486 3826 .
510 3808 517 3824 .
540 3764 646 3825 Sedet
665 3763 713 3824 M.
736 3764 883 3823 Fontanus
905 3765 937 3821 in
959 3765 1143 3840 romptorum
1167 3771 1194 3822 et
1214 3771 1374 3839 caurorum

222 3857 371 3929 dourriers,
385 3863 412 3914 et
426 3855 459 3916 C.
474 3854 613 3913 Melissus
626 3856 658 3913 in
673 3898 680 3914 .
697 3900 703 3914 .
718 3900 725 3914 .

198 3967 200 3973 “
262 3950 349 4027 Legit
369 3950 456 4027 igitur
474 3949 594 4008 Nudus
612 3949 798 4025 Apollinea
819 3946 1018 4007 destituaris
1039 3944 1154 4019 humo,
1174 3944 1211 4004 de
1230 3945 1308 4007 Delo
1328 3948 1373 4006 in-

221 4053 391 4121 terpretans,
402 4044 452 4103 ubi
465 4042 584 4116 Anium,
599 4061 688 4120 quem
702 4043 749 4103 hic
764 4042 904 4101 lenaeum
918 4041 994 4109 facit,
1010 4039 1118 4100 Rhoeo
1133 4041 1252 4101 sustulit.
1295 4040 1375 4101 Ean-

222 4139 290 4199 dem
316 4137 582 4214 interpretationem
610 4137 711 4198 Const.
739 4137 880 4196 Fanensis
908 4145 1059 4214 tamquam
1088 4154 1124 4195 ex
1152 4135 1252 4196 Codro
1273 4135 1372 4196 Vrceo

222 4232 409 4291 Herberiensi
434 4232 551 4308 protulit
575 4231 727 4292 Hecatost.
749 4232 784 4291 vi.
835 4230 941 4308 Neque
962 4248 998 4289 ea
1021 4239 1121 4288 tamen
1141 4248 1210 4289 uera
1231 4239 1282 4302 est,
1305 4249 1374 4290 cum

221 4326 370 4402 Apollinea
386 4327 416 4385 in
430 4325 547 4386 codices
561 4343 622 4385 non
637 4335 705 4384 ante
719 4327 819 4385 exiens
834 4344 909 4384 saec.
925 4344 963 4382 xv
975 4323 1137 4401 peruenerit
1153 4325 1224 4401 (ego
1239 4324 1270 4382 in
1284 4322 1374 4384 Muti·

222 4420 320 4479 nensis
334 4421 465 4496 margine
480 4418 646 4496 Appollrnea
663 4421 804 4497 scriptum
818 4438 854 4479 ea
869 4419 928 4479 fere
944 4429 1038 4479 aetate
1052 4417 1174 4497 inueni),
1185 4417 1376 4478 Amastriacis
