3312 5200
693 475 738 536 IN
770 475 867 536 lBIN.
1319 481 1358 540 8³

239 631 314 715 ⁴475.
336 638 381 698 Vt
414 637 568 700 Macedo.
619 636 757 698 Machelo
841 638 958 700 Macelo
981 637 1121 720 (Macedo
1145 635 1231 716 Asi.)
1254 638 1357 700 mulier

203 721 263 780 lilia
290 721 457 784 †Domonis
485 739 554 781 cum
586 720 617 778 in
650 721 758 798 nuptiis
799 721 954 798 quaedam,
979 739 1047 782 cum
1071 721 1223 781 interesset
1248 721 1357 798 nupnis

204 803 320 862 sederet
337 821 405 862 cum
419 802 559 865 †Meneta
577 803 683 862 marito
704 819 758 862 suo
799 804 867 874 suis,
891 802 1041 862 fulminata
1069 811 1113 862 est
1140 820 1158 862 a
1186 801 1260 862 Ioue
1288 821 1357 862 cum

203 883 349 942 fulminati
374 895 450 956 sunt,
471 886 539 962 quia
560 902 664 945 omnes
685 885 758 944 deos
801 885 927 962 coniuge
969 902 1023 945 suo
1062 881 1251 956 Menedemo,
1289 884 1358 961 quia

203 976 319 1042 praeter
333 965 436 1026 Iouem
452 967 652 1025 inuitauerant.
697 965 734 1026 G.
801 984 906 1026 omnes
934 965 1007 1026 deos
1041 966 1213 1026 rauriauerat
1243 976 1355 1043 praeter

803 1042 926 1129 [ipsum]
942 1047 1054 1108 Iouem.
1101 1046 1128 1108 C
1140 1046 1248 1107 elAsh.

245 1127 375 1188 Macedo
403 1129 461 1186 filia
482 1129 628 1189 Damonis
656 1128 759 1188 dicitur
842 1129 992 1189 Nicander
1014 1129 1083 1188 dicit
1103 1127 1243 1188 Macelon
1265 1129 1356 1188 filiam

203 1227 274 1268 cum
306 1212 461 1270 sororibus
495 1210 606 1272 fuisse:
656 1211 760 1269 harum
800 1211 946 1270 Damonis
977 1228 1046 1270 cum
1074 1211 1222 1269 sororibus
1254 1210 1355 1270 luisse.

204 1290 334 1367 hospitio
361 1311 431 1351 usus
460 1291 577 1369 Iupiter,
599 1311 667 1352 cum
690 1291 759 1351 Tel·
800 1293 903 1352 harum
924 1292 1052 1368 hospitio
1072 1291 1183 1369 Iupiter
1204 1301 1356 1370 susceptus

203 1371 305 1432 chinas
327 1391 452 1450 quorum
473 1374 520 1432 hic
540 1374 676 1450 princeps
699 1382 760 1432 erat
801 1393 869 1434 cum
914 1373 1078 1434 Thelonios
1126 1390 1253 1451 quorum
1307 1372 1355 1433 hic

204 1465 425 1531 corrumpentes
460 1456 569 1515 inuidia
608 1473 759 1515 successus
800 1456 1120 1533 Damoprincepserat
1135 1463 1357 1532 corrumpentes

204 1535 338 1595 omnium
364 1536 509 1596 fructuum
533 1536 652 1596 fulmine
673 1538 760 1596 inter·
801 1537 923 1596 uenenis
945 1553 1098 1597 successus
1123 1536 1257 1595 omnium
1278 1535 1355 1596 fruc·

204 1617 313 1689 ficeret,
342 1619 476 1678 seruauit.
522 1619 560 1678 ad
588 1637 662 1695 quas
691 1635 759 1678 cum
801 1628 883 1677 tuum
898 1618 1017 1677 fulmine
1035 1617 1209 1676 interficeret
1229 1617 1357 1676 seruauit

203 1699 333 1758 uenisset
374 1699 475 1758 Minos
517 1718 584 1759 cum
625 1700 758 1760 Dexione
800 1718 860 1760 eos.
883 1700 936 1759 sed
946 1699 1061 1759 Macelo
1076 1717 1144 1758 curn
1159 1699 1222 1758 uiro
1236 1707 1356 1774 propter

204 1781 382 1839 concubuit:
410 1799 446 1840 ex
468 1798 525 1857 qua
547 1782 656 1840 creauit
677 1781 759 1840 Eux-
800 1782 854 1841 uiri
883 1782 1042 1858 nequitiam
1069 1780 1162 1858 periit.
1218 1780 1257 1839 ad
1285 1780 1356 1840 alias

204 1863 316 1920 antium
337 1862 414 1922 unde
432 1862 616 1922 Eusantidae
636 1862 759 1925 luerunt.
801 1882 873 1923 uero
885 1873 1013 1922 seruatas
1024 1881 1093 1922 cum
1107 1862 1235 1921 uenisset
1245 1860 1354 1931 Minos,

202 1943 242 2001 P.
801 1962 870 2004 cum
911 1944 1072 2004 Desithone
1114 1942 1269 2025 (Desitone
1314 1943 1355 2002 ed.

800 2023 917 2105 Parii.)
932 2026 1098 2097 concubuit,
1113 2044 1151 2084 ex
1169 2043 1229 2102 qua
1247 2026 1357 2085 creauit

800 2107 976 2167 Eusantium
999 2108 1078 2166 unde
1103 2106 1263 2166 Eusantiae
1292 2105 1354 2165 fue-

800 2200 875 2249 runt.
910 2189 977 2250 Cod.
989 2188 1148 2265 Saluagnii
1158 2194 1185 2246 ei
1196 2187 1236 2246 ed.
1251 2188 1354 2246 Paris.

804 2285 890 2346 ¹573·

240 2474 301 2524 475.
320 2461 423 2514 Similia
436 2461 513 2515 Mure
525 2479 546 2514 s.
557 2481 582 2516 u.
602 2460 740 2513 Macedon
754 2459 799 2512 uel
813 2457 932 2512 Macedo
950 2459 977 2511 in
995 2456 1100 2526 nupciis
1117 2472 1181 2510 cum
1200 2456 1356 2512 menedrita

203 2531 320 2598 coniuge
332 2530 491 2585 fulminatus
503 2532 632 2600 estquod
645 2547 741 2584 omnes
753 2530 819 2584 deos
829 2534 940 2598 praeter
952 2529 1044 2581 ionem
1057 2526 1092 2581 ad
1104 2528 1216 2596 nupcias
1228 2527 1356 2581 inuitauit

204 2602 257 2652 Οιιε
272 2602 300 2654 in
318 2602 384 2669 ybin
396 2601 434 2654 Vt
450 2603 585 2656 macedon
602 2601 702 2669 rapidis
719 2602 807 2654 iactus
824 2616 888 2656 cum
905 2599 1021 2666 coniuge
1037 2598 1153 2652 flammis
1169 2598 1214 2651 uel
1226 2599 1307 2651 aliter
1323 2604 1355 2652 ut

203 2671 310 2738 legatur
322 2673 394 2726 iacta
408 2673 546 2726 Macedon
563 2673 688 2726 dianethis
700 2672 753 2725 lilia
769 2688 848 2726 soror
863 2685 1023 2739 earumque
1041 2670 1132 2722 iouem
1149 2668 1355 2738 hospitauerant

203 2758 274 2795 uxor
293 2744 421 2811 principis
443 2743 622 2797 thelebonum
643 2759 783 2796 successus
802 2743 926 2796 omnium
948 2740 1089 2794 fructuum
1109 2739 1211 2794 inuidia
1231 2740 1355 2808 corrupit

203 2812 278 2868 unde
299 2815 356 2882 ipsa
377 2830 440 2867 cum
462 2816 585 2882 principe
605 2820 633 2867 et
652 2813 859 2868 Thelebonibus
879 2813 1024 2866 fulminata
1044 2817 1095 2865 est.
1134 2811 1240 2878 lupiter
1260 2816 1356 2864 tamen

203 2885 327 2952 pepercit
339 2884 391 2938 hiis
403 2901 457 2953 que
472 2886 677 2954 hospitauerant
694 2885 792 2953 ipsum.
805 2900 839 2937 ex
852 2901 906 2937 una
918 2899 1037 2952 quorum
1051 2879 1109 2953 (sic)
1123 2880 1253 2934 dexithoe
1265 2882 1355 2935 minos

203 2956 368 3008 euxancium
384 2957 487 3022 genuit.
604 2953 753 3025 Domonis]
767 2956 839 3010 Num
853 2955 1005 3008 Damnonis
1021 2954 1087 3022 qaod
1100 2972 1188 3006 nomen
1199 2972 1218 3006 a
1230 2953 1355 3006 Damna·

202 3045 286 3079 meneo
293 3026 400 3095 pendere
412 3029 541 3080 conicias?
559 3029 766 3081 Damnameneus
779 3045 843 3080 unus
855 3027 997 3080 Telchinum
1012 3024 1106 3095 (Schol.
1119 3025 1171 3092 Ap.
1184 3024 1217 3076 R.
1229 3025 1252 3076 1.
1265 3023 1353 3091 1129).

203 3097 247 3149 Sic
259 3098 329 3165 apud
339 3099 505 3152 Lactantium
517 3098 603 3153 Narr.
616 3099 679 3151 aab.
693 3100 738 3151 IV.
751 3116 767 3164 9
781 3097 868 3150 Celmi
888 3103 918 3150 et
936 3095 1096 3149 Adamantis
1113 3097 1237 3164 scriplum
1254 3105 1291 3148 est
1304 3107 1355 3164 pro

203 3167 293 3220 Celmi
311 3173 340 3220 et
360 3168 569 3222 Damnamenei.
640 3165 817 3236 inuitauerat]
831 3167 1022 3221 mutaueratC
1090 3165 1275 3218 inuitauerant
1287 3167 1355 3222 Ask-

203 3237 292 3305 ipsum
311 3259 360 3291 om.
379 3240 445 3294 Ask.
534 3255 599 3292 usus
617 3242 695 3292 estP
782 3239 810 3292 in
828 3239 873 3292 uia
890 3242 915 3292 P
1003 3237 1074 3292 Nata
1093 3237 1236 3291 Telchinum
1254 3237 1354 3291 inradia

169 3327 171 3332 ·
202 3310 364 3361 curantium
376 3313 401 3363 P
509 3310 633 3363 cusantie
645 3313 670 3362 P
776 3309 952 3376 Euxantium,
965 3307 1135 3361 Euxantidae
1152 3308 1354 3376 scripsissemus

204 3381 380 3434 Schneideram
393 3381 453 3434 Nic.
456 3382 502 3448 fr.
519 3383 577 3448 11⁶,
589 3399 744 3449 quamquam
757 3383 798 3433 hic
807 3379 996 3433 Euxantiadae
1002 3378 1136 3448 praetulit.
1164 3377 1283 3431 Historia
1293 3397 1355 3432 uera

203 3451 312 3518 uidetur,
334 3471 488 3539 quamquam
512 3453 579 3506 inter
600 3452 715 3505 Teleboas
738 3463 763 3506 et
783 3453 913 3506 Telchinas
932 3453 997 3504 mire
1011 3450 1156 3517 fluctuans.
1192 3449 1279 3502 Strab.
1302 3451 1354 3515 ⁶54

202 3520 321 3574 ἐκαλεῖτο
334 3544 348 3589 ry
361 3520 447 3577 Ῥόδος
467 3561 473 3576 .
494 3561 502 3576 .
520 3561 527 3576 .
546 3521 671 3592 Τελχινίς,
679 3521 730 3576 ἀπὸ
742 3526 792 3577 τῶν
804 3519 961 3589 οἰκησάντων
972 3520 1103 3589 Τελχίνων
1114 3519 1160 3586 τὴν
1171 3520 1261 3586 νῆσον·
1274 3517 1317 3574 οὓς
1329 3519 1355 3573 οἱ

201 3591 250 3660 μέν
266 3590 413 3654 βασκάνους
424 3593 494 3662 φασὶ
506 3594 547 3648 καὶ
559 3595 653 3663 γόητας
666 3593 725 3666 θείῳ
738 3591 924 3664 καταρῤέονταυ
936 3592 966 3647 τὸ
983 3592 1028 3658 τῆς
1040 3590 1137 3660 Στυγὸς
1151 3586 1230 3658 ὕδωρ,
1242 3589 1312 3656 ζώων
1324 3611 1353 3643 τε

202 3663 245 3716 καὶ
254 3661 344 3728 φυτῶν
351 3661 462 3733 ὀλέθρου
472 3664 556 3734 χάριν·
564 3665 589 3717 οἱ
599 3664 627 3718 δὲ
636 3662 737 3735 τέχναις
747 3663 917 3734 διαφέρονται
925 3661 1072 3716 τοῦναντίον
1080 3660 1130 3715 ὑπὸ
1139 3664 1190 3713 τῶν
1198 3659 1355 3730 ἀντιτέχνων

201 3733 379 3802 βοακανθῆναι
397 3737 438 3789 καὶ
455 3737 500 3802 τῆς
519 3734 668 3805 δυσφημίαι
685 3737 773 3805 τυχεῖν
790 3733 892 3801 ταύτης.
928 3733 1006 3786 Diod.
1024 3733 1053 3785 V.
1068 3748 1111 3797 55,
1124 3731 1209 3784 Nona.
1222 3731 1295 3783 XIV.
1311 3733 1354 3798 3⁶,

202 3806 292 3858 Zenob.
306 3805 375 3859 Ceut.
393 3806 422 3859 V.
436 3823 479 3872 41,
496 3807 565 3860 Suid.
577 3824 597 3858 s.
607 3825 631 3860 u.
647 3807 769 3875 Τελχῖνες
780 3817 805 3859 et
818 3802 922 3874 θέλγει.
958 3805 1105 3856 Eaeantiss
1117 3812 1196 3870 pater
1212 3802 1354 3856 Dexitbeae

202 3887 414 3930 commemoratur
438 3877 472 3930 ab
491 3878 609 3946 Apollod.
628 3878 680 3929 111.
702 3894 712 3928 1
733 3887 759 3930 et
779 3887 912 3944 tamquam
931 3875 1016 3928 Mileti
1035 3875 1138 3942 genitor
1158 3891 1176 3925 a
1198 3873 1280 3925 Schol.
1299 3874 1353 3942 Ap.

201 3946 235 3999 R.
248 3948 271 3999 Ι.
284 3949 343 3999 186.
380 3949 440 4000 Vide
452 3949 483 4002 0.
496 3948 671 4001 Schneiderum
684 3949 721 4000 ad
731 3947 842 4000 Meand.
845 3948 891 4014 fr.
904 3948 962 4011 116,
974 3946 1017 4013 qui
1029 3945 1052 3997 si
1063 3945 1163 4013 cognita
1175 3944 1279 3996 haberet
1290 3963 1354 4011 quae

201 4035 246 4085 ego
257 4037 289 4070 ese
298 4018 375 4070 Mure
385 4019 452 4071 edidi
462 4019 614 4072 Desithone
623 4019 691 4072 illud
697 4020 724 4071 in
734 4017 806 4071 Solu.
815 4018 907 4071 scholio
916 4019 943 4070 in
953 4015 1100 4079 Dexithoe,
1111 4033 1158 4067 non
1168 4015 1195 4067 in
1205 4013 1352 4080 Dexithea,

201 4098 348 4142 mutaturus
352 4089 456 4154 fuerat.
487 4090 669 4144 Commentarii
677 4091 729 4143 loco
737 4089 883 4142 adscribam
894 4087 972 4142 uerba
983 4086 1096 4140 Lobeckii
1106 4084 1180 4153 Agla
1210 4085 1236 4137 h.
1242 4096 1268 4153 p.
1282 4087 1349 4137 1186

203 4158 379 4211 ‘Accedebat
402 4159 477 4227 quod
502 4160 630 4228 Panyasis
651 4159 774 4226 tradidit,
795 4159 897 4228 Lyciae
917 4158 1006 4224 gentis
1028 4162 1170 4209 auctorem
1225 4155 1351 4208 remilum

202 4229 291 4296 Ogygi
310 4229 391 4282 filiam
411 4231 583 4284 Praxidicam
602 4232 629 4284 111
648 4230 823 4285 matrimonio
842 4229 974 4283 habuisse.
989 4227 1083 4296 Steph.
1098 4242 1119 4279 s.
1131 4225 1253 4296 Τρεμιλη.
1290 4226 1351 4279 Vna

202 4299 276 4351 enim
293 4300 497 4354 Praxidicarum
516 4301 670 4356 Thelxinea
689 4300 840 4356 uocabatur
856 4300 930 4353 Suid.
949 4314 1038 4367 neque
1057 4295 1216 4350 incredibile
1231 4297 1351 4364 uidetur,

201 4369 281 4423 huius
299 4387 410 4441 quoque
427 4373 544 4425 nominis
561 4373 738 4426 similitudine
752 4373 896 4424 Zenonem
914 4370 959 4423 uel
977 4370 1134 4437 quicunque
1152 4367 1228 4422 istius
1244 4367 1350 4422 fabulae

200 4447 308 4508 auctor,
321 4443 355 4495 ad
366 4442 514 4496 Telchinas
525 4443 647 4498 Rhodios
659 4444 818 4498 traductum
831 4457 898 4508 esse,
908 4456 1026 4510 quorum
1039 4440 1066 4492 in
1080 4453 1196 4492 numero
1208 4438 1350 4508 ferebatur

201 4511 311 4580 Lycus.’
338 4516 444 4568 Pariter
455 4517 520 4569 enim
530 4517 661 4571 Dexionae
673 4515 713 4571 uel
720 4515 863 4569 Desithone
874 4531 961 4568 nomen
971 4512 1009 4566 ad
1019 4511 1149 4566 Telchinas
1161 4509 1352 4566 transtulerant

115 4630 118 4636 .
201 4593 335 4653 tamquam
348 4586 479 4640 Thelxinoe
490 4597 562 4642 esset.

738 4671 798 4722 Ga
