3296 5210
312 447 369 506 188
499 529 504 542 ι
777 437 1001 503 EXCVRSVS.

310 599 419 672 scripsi,
434 597 597 656 Pantalides
612 598 672 653 siue
686 597 847 654 Paetalides
862 601 1005 668 Lycurgus
1023 597 1125 653 eodem
1142 598 1230 652 modo
1242 596 1335 652 dictus
1352 596 1469 653 uidetur

311 687 368 754 quo
381 671 538 754 Qmpiadqe
549 669 612 725 Val.
627 671 668 724 Fl.
681 669 718 725 vt.
734 682 792 739 107,
810 669 994 742 Gangan'dae
1006 668 1043 723 vi.
1056 669 1100 738 67,
1118 669 1333 740 Berecyntiades
1346 669 1392 724 lb.
1405 669 1468 738 508,

310 742 657 882 ulusecllmeitillhh‘Lycurgo
674 809 771 879 altero,
789 809 853 866 Alei
872 809 938 878 filio,
956 810 1069 864 Arcade
1085 820 1182 934 potest
1203 827 1302 865 uersus
1320 809 1471 881 explicari.

313 883 442 938 Historia
462 892 539 938 extat
561 899 605 952 ap.
632 883 718 936 Hom.
742 881 774 936 ll.
796 880 842 936 vii.
868 881 998 949 136-149,
1019 881 1111 950 Apol
1135 882 1169 936 R.
1188 880 1203 935 i.
1229 881 1359 950 161-171,
1380 882 1467 936 Paus.

311 953 368 1010 viii.
390 968 416 1020 4.
436 967 452 1020 7
476 953 549 1008 Μετδ
568 949 709 1006 δι”Ἀλεον
727 951 918 1039 τελευτφσαντα
940 954 1088 1022 Λυκοῦργος
1108 953 1123 1004 ό
1141 949 1237 1005 Ἀλέου
1254 951 1301 1018 τὴν
1324 952 1468 1014 βασιλείαν

310 1026 438 1094 πρεσβεῖα
451 1024 526 1093 ἔσχε·
543 1021 692 1092 παρέσχετο
705 1021 733 1075 δὲ
745 1021 772 1077 ε’ς
784 1042 883 1090 μνημην
894 1019 1030 1092 Ἀρηΐθοον
1047 1022 1129 1092 ἄνδρα
1140 1023 1282 1091 πολεμικὸν
1293 1022 1366 1094 δόλῳ
1379 1023 1421 1074 καὶ
1433 1023 1469 1084 οὑ

310 1095 361 1150 σὺν
372 1093 408 1166 τῷ
420 1093 508 1164 δικαίῳ
520 1094 625 1149 κτείνας.
650 1091 794 1162 γενομέναν
810 1091 839 1145 δέ
852 1092 921 1164 αὑτηῖ
937 1091 1035 1146 παίδων
1051 1093 1172 1162 Ἀγκαίου
1187 1115 1217 1148 τε
1230 1093 1271 1145 καὶ
1283 1090 1408 1178 Ἐπόχου,
1420 1093 1468 1146 τόν

310 1167 357 1234 μίν
369 1163 517 1233 νοσήσαντα
535 1165 704 1233 ἐπιλαμβάνει
719 1163 750 1217 τό
766 1164 858 1233 χρεόν,
870 1159 989 1232 ’Λγκαῖος
1005 1162 1033 1216 δὲ
1048 1161 1147 1217 Ἰάσονί
1157 1185 1186 1217 τε
1197 1168 1245 1218 τοῦ
1255 1165 1325 1217 πλοῦ
1337 1185 1467 1232 μετεσχεν

310 1237 337 1292 ε’ς
352 1237 479 1305 Κόλχους,
492 1235 533 1288 καλ
547 1233 658 1304 ὕστερον
670 1235 735 1301 όμοῦ
750 1234 893 1322 Μελεάγρφ
909 1235 940 1288 τδ
956 1233 984 1288 ἐν
996 1233 1131 1287 Καλυδῶνι
1147 1234 1364 1303 κατεργαζόμενος
1376 1234 1467 1304 θηρίον

310 1306 437 1360 ἀπέθανεν
456 1305 507 1361 ὑπό
528 1307 575 1360 τοῦ
596 1305 648 1360 ὑός.
685 1307 833 1373 Λυκοῦργος
851 1324 899 1372 μεν
918 1303 948 1372 δη
968 1302 1126 1371 ποῤῥωτάτω
1145 1303 1230 1375 γήρως
1244 1303 1353 1372 άφίκετο
1370 1304 1466 1357 ἐπιδὼν

310 1381 371 1432 τοῦς
393 1376 487 1431 παῖδας
514 1375 678 1446 ἀμφοτέρους
705 1372 916 1440 τελευτησαντος.
962 1374 1101 1430 Videlicet
1127 1375 1271 1445 Lycurgus
1295 1375 1465 1430 Areithoum

312 1449 473 1517 Coryneten
503 1464 554 1528 per
583 1445 701 1501 insidias
732 1444 854 1500 occidit:
885 1445 962 1516 quod
986 1444 1096 1500 facinus
1124 1445 1198 1499 filius
1228 1443 1317 1514 ipsius
1343 1445 1466 1514 Lycurgi

310 1521 444 1574 Ancaeus
463 1517 606 1572 ulciscitur
622 1516 690 1570 dum
710 1532 811 1586 aprum
832 1514 1020 1584 Calydonium
1041 1532 1107 1569 cum
1127 1516 1274 1584 Meleagro
1292 1515 1465 1584 adgrediens

310 1589 371 1645 eius
390 1590 475 1645 dente
493 1587 661 1643 confoditur.
699 1585 896 1642 Penteliden
913 1586 1033 1642 fortasse
1051 1585 1206 1656 explicabis
1224 1603 1259 1641 ex
1279 1587 1465 1655 Hesychiano

310 1660 450 1714 Πεντέλεια
468 1658 528 1728 ὅρος
545 1657 689 1728 Ἀρκαδίας,
707 1657 737 1722 ἐξ
755 1655 785 1710 οὑ
804 1657 893 1710 Λάδων
911 1658 927 1709 ό
943 1659 1058 1724 ποταμός
1075 1658 1255 1726 καταφέρεται,
1272 1674 1345 1727 quae
1361 1656 1465 1712 eadem

311 1730 418 1784 omisso
435 1727 607 1800 καταφέρεται
619 1728 706 1782 habet
720 1726 836 1782 Photius
849 1726 878 1781 in
893 1727 1006 1782 Lexico.
1041 1727 1175 1783 Eundem
1187 1728 1281 1782 locum
1295 1729 1465 1783 Plutarchus

310 1817 376 1856 cum
390 1801 506 1855 Pheneo
517 1799 561 1854 bis
574 1796 717 1853 coniunxit
731 1799 839 1854 Cleom.
850 1797 916 1867 xvii,
928 1799 1007 1852 Arat.
1019 1797 1083 1851 xxix
1095 1798 1190 1852 Φένεου
1201 1799 1242 1852 καὶ
1254 1798 1416 1852 Πευτελειον.

346 1871 392 1925 Ad
403 1874 469 1939 615,
481 1872 545 1925 616.
567 1871 659 1924 Locus
677 1868 819 1924 Eustatbii
837 1868 885 1923 hic
902 1878 954 1936 est,
971 1883 1045 1938 1419
1063 1881 1093 1938 51
1107 1865 1205 1924 Ἔστιν
1222 1868 1305 1938 εὑρεῖν
1320 1891 1357 1923 πα
1374 1870 1392 1922 ὰ
1410 1872 1466 1924 τοῖς

309 1943 431 1996 παλαιοῖς
451 1938 476 1994 οῖ
500 1941 541 1994 καλ
565 1938 731 2009 δικαστήριον
754 1940 906 2009 ίστοροῦσιν
927 1937 1067 2006 Ἀθήνησιν
1089 1939 1222 2009 ε’πῶνυμον
1244 1940 1290 2006 τῆς
1312 1891 1465 1994 Παλλάδος.

309 2007 510 2081 Ἀριστοφάνης.
532 2007 621 2063 ’Ἀκων
631 2013 710 2062 κτενῶ
723 2031 764 2076 σε,
775 2007 872 2064 τίκυον·
899 2011 914 2062 ό
930 2007 953 2062 δ’
966 2009 1117 2078 ὑπεκρίνατο
1132 2006 1193 2065 Ἐπὶ
1208 2009 1353 2080 παλλοδίῳ,
1368 2009 1429 2080 παρ’
1442 2007 1465 2080 ᾦ

311 2081 476 2172 φΕΙεωῙθίιιε
488 2078 544 2151 τεῖρ’
557 2078 600 2148 ὦ),
615 2080 704 2151 πάτερ,
724 2080 816 2136 δόσεις
833 2079 913 2145 δίκην.
949 2079 1066 2146 ε’δίκοζον
1083 2078 1112 2133 δέ
1130 2081 1193 2134 κατά
1210 2080 1360 2134 Παυσανίαν
1373 2080 1401 2169 φὶ.
1416 2082 1463 2149 23)

310 2155 363 2206 εκεῖ
381 2151 517 2207 άκουσίους
536 2153 633 2222 φόνους
654 2152 679 2204 οῖ
699 2149 800 2220 ε’φίται.
835 2148 950 2222 Ἀργεῖοι
968 2152 1028 2221 γάρ,
1047 2153 1140 2219 φησιν,
1159 2149 1210 2204 άπὸ
1229 2149 1309 2204 Ἰλίου
1329 2153 1464 2217 πλεοντες,

311 2222 383 2290 ἡνίκα
394 2224 549 2293 πρόσεσχον
560 2219 697 2290 Φαλήροις,
709 2221 759 2276 ὑπό
771 2218 911 2289 Ἀθηναίων
926 2219 1091 2291 άγνοοὺμενυι
1106 2220 1278 2288 ἀνῃρέθησαν.
1310 2219 1423 2292 ὕστερον
1435 2223 1465 2276 δὲ

309 2292 468 2363 Ἀκάμαντος
490 2294 666 2363 γνωρίσαντος
695 2293 736 2346 καὶ
765 2295 811 2345 τοῦ
837 2292 1026 2361 ίστορουμένου
1050 2291 1204 2345 Παλλαδίου
1226 2290 1375 2362 εὑρεθέντος
1398 2295 1464 2346 κατὰ

311 2365 431 2435 χρησμόν
441 2364 531 2418 οὑτόθι
543 2365 572 2418 τό
585 2361 750 2433 δικαστὴριον
761 2360 906 2430 ἀπόδειξον.
942 2361 1117 2431 Κλειτόδημος
1132 2362 1162 2415 δέ
1176 2363 1262 2432 φησιν
1275 2361 1465 2433 Ἀγαμέμνονος

311 2434 362 2490 οὑν
382 2434 418 2508 roi
439 2435 582 2508 Παλλαδίῳ
600 2430 820 2504 προσενεχθέντος
843 2434 899 2487 ταῖς
921 2429 1048 2500 Ἀθήναις,
1069 2434 1233 2502 Δημοφῶντα
1255 2434 1286 2488 τό
1310 2435 1466 2488 Παλλάδιον

310 2506 426 2574 δρπάσαι
439 2507 479 2560 καλ
491 2505 607 2560 πολλοὺς
619 2509 670 2558 τῶν
680 2501 822 2557 διωκόντων
833 2501 941 2557 άνελιῖν·
958 2506 1005 2558 τοῦ
1014 2502 1042 2556 δὲ
1050 2501 1239 2574 Ἀγαμέμνονος
1248 2502 1467 2574 δυσχεραίνοντος
1513 2561 1519 2572 ,

312 2577 397 2646 κρίσιν
425 2575 517 2632 αὑτοὺς
544 2576 671 2645 ὑποσχεῖν
699 2575 743 2628 ε’πλ
766 2572 923 2641 πεντηκοντο
945 2571 1086 2641 Ἀθηναίων
1110 2574 1152 2628 καὶ
1176 2571 1309 2628 τοσοὺτων
1331 2572 1464 2646 Ἀργείων.
1484 2595 1489 2607 ·

312 2647 425 2771 Εειόογγιδ
452 2664 499 2717 ap.
526 2648 670 2701 Pollucem
693 2645 750 2702 viii.
777 2653 819 2714 10,
845 2643 923 2700 Suid„
950 2645 1120 2715 Harpocrat.
1146 2647 1243 2715 Etym.
1267 2647 1311 2702 M.
1335 2663 1395 2702 su.
1421 2646 1465 2700 ἐπὶ

312 2720 390 2771 Παλλ
425 2716 464 2771 ί.

350 2739 543 2842 ΗίαοδοΙΙαιο
554 2788 617 2841 loco
631 2784 789 2841 Pausaniae
804 2784 822 2840 i.
837 2786 871 2840 28
889 2795 1002 2840 constat
1018 2785 1047 2840 in
1066 2785 1194 2840 Palladio
1210 2784 1349 2855 rapiendo
1368 2797 1465 2857 partes

312 2859 398 2912 modo
410 2857 561 2912 Acamanti
579 2857 665 2912 modo
679 2856 892 2925 Demophoonti
908 2855 1067 2911 adtributas
1080 2857 1175 2912 fuisse.
1214 2856 1273 2912 Sed
1290 2866 1319 2912 et
1337 2856 1367 2911 in
1385 2858 1465 2913 omni

312 2928 371 2983 uita
396 2929 514 2983 eaedem
539 2945 583 2982 res
609 2927 753 2998 utriusque
775 2943 941 2982 communes
966 2927 1116 2996 finguntur.
1154 2929 1232 2982 Nam
1256 2927 1294 2982 ad
1320 2929 1465 2983 Helenam

311 2999 496 3068 repetendam
520 3015 586 3052 cum
606 2998 748 3053 Diomede
767 2998 856 3052 modo
879 2999 1012 3064 Acamas,
1034 2997 1121 3051 modo
1143 2999 1335 3068 Demophoon
1359 2999 1465 3054 missus

311 3069 448 3135 traditur;
467 3077 584 3138 uterque
602 3070 740 3123 Aethram
752 3078 872 3123 matrem
883 3069 1052 3137 reposcebat
1067 3086 1085 3122 a
1097 3068 1228 3123 Troianis
1242 3086 1249 3122 :
1269 3068 1413 3124 Laodicen
1427 3072 1465 3125 ab

312 3138 374 3194 aliis
393 3140 525 3206 Acamas,
547 3139 584 3192 ab
604 3138 666 3193 aliis
688 3139 879 3208 Demophoon
900 3155 1013 3193 amasse
1032 3149 1061 3192 et
1082 3157 1117 3194 ex
1136 3139 1191 3193 hac
1211 3139 1298 3193 filium
1319 3141 1464 3196 Munitum

312 3208 444 3278 genuisse
456 3208 618 3276 serebatur;
638 3209 768 3277 Phyllida
786 3219 903 3278 uterque
922 3219 950 3264 et
963 3208 1108 3278 deperisse
1126 3219 1155 3264 et
1167 3209 1322 3280 reliquisse.
1361 3213 1464 3282 Itaque

312 3279 390 3350 quod
402 3279 438 3332 de
449 3280 608 3333 Acamante
625 3279 719 3348 potius
737 3279 827 3333 Ibidis
845 3297 944 3334 uersus
960 3279 1095 3348 intelligo,
1114 3290 1229 3349 propter
1245 3290 1367 3336 mortem
1379 3283 1464 3337 huius

312 3349 375 3417 ieci,
385 3365 452 3402 nam
463 3349 498 3403 de
509 3351 730 3418 Demophoonte
740 3349 810 3404 nihil
822 3349 961 3405 eiusmodi
972 3350 1107 3404 traditum
1117 3351 1236 3420 repperi.
1264 3352 1465 3408 Credideram·

312 3438 368 3490 que
378 3418 519 3473 distichon
529 3420 566 3474 de
577 3420 804 3490 Demophoontis
814 3421 931 3475 leuitate
939 3420 1137 3490 explicandam
1150 3439 1223 3492 esse,
1230 3421 1287 3478 nisi
1300 3422 1467 3481 uiderentur

311 3491 426 3547 obstare
438 3490 526 3556 uerba
534 3490 637 3547 uer-tit
651 3490 712 3548 iter
725 3508 798 3563 quae
809 3491 856 3548 uix
868 3490 938 3547 satis
950 3491 992 3548 sic
1004 3491 1198 3563 expediuntur.
1273 3511 1277 3520 ’
