<?xml version="1.0" encoding="UTF-8"?>
<!DOCTYPE html PUBLIC "-//W3C//DTD XHTML 1.0 Transitional//EN"
    "http://www.w3.org/TR/xhtml1/DTD/xhtml1-transitional.dtd">
<html xmlns="http://www.w3.org/1999/xhtml" xml:lang="en" lang="en">
 <head>
  <title>
</title>
<meta http-equiv="Content-Type" content="text/html;charset=utf-8" />
  <meta name='ocr-system' content='tesseract 3.04.00' />
  <meta name='ocr-capabilities' content='ocr_page ocr_carea ocr_par ocr_line ocrx_word'/>
</head>
<body>
  <div class='ocr_page' id='page_1' title='image "./povidiinasonisi01elligoog_0157.png"; bbox 0 0 3312 5200; ppageno 0'>
   <div class='ocr_carea' id='block_1_1' title="bbox 288 413 966 478">
    <p class='ocr_par' dir='ltr' id='par_1_1' title="bbox 288 413 966 478">
     <span class='ocr_line' id='line_1_1' title="bbox 288 413 966 478; baseline -0.007 0"><span class='ocrx_word' id='word_1_1' title='bbox 288 422 326 478; x_wconf 90' lang='lat'>88</span> <span class='ocrx_word' id='word_1_2' title='bbox 785 413 966 476; x_wconf 87' lang='lat' dir='ltr'>SCHOLIA</span> 
     </span>
    </p>
   </div>
   <div class='ocr_carea' id='block_1_2' title="bbox 286 570 1509 2444">
    <p class='ocr_par' dir='ltr' id='par_1_2' title="bbox 286 570 1446 651">
     <span class='ocr_line' id='line_1_2' title="bbox 286 570 1446 651; baseline -0.003 -18"><span class='ocrx_word' id='word_1_3' title='bbox 286 573 365 651; x_wconf 89' lang='lat' dir='ltr'>capti</span> <span class='ocrx_word' id='word_1_4' title='bbox 387 573 545 650; x_wconf 79' lang='lat' dir='ltr'>suspendit</span> <span class='ocrx_word' id='word_1_5' title='bbox 572 572 603 630; x_wconf 91' lang='lat' dir='ltr'>in</span> <span class='ocrx_word' id='word_1_6' title='bbox 634 572 756 632; x_wconf 88' lang='lat' dir='ltr'>arbore:</span> <span class='ocrx_word' id='word_1_7' title='bbox 792 570 846 632; x_wconf 88' lang='lat' dir='ltr'>sed</span> <span class='ocrx_word' id='word_1_8' title='bbox 886 572 1005 631; x_wconf 82' lang='lat' dir='ltr'>inmane</span> <span class='ocrx_word' id='word_1_9' title='bbox 1023 571 1086 648; x_wconf 86' lang='lat' dir='ltr'>apri</span> <span class='ocrx_word' id='word_1_10' title='bbox 1104 571 1167 630; x_wconf 87' lang='lat' dir='ltr'>fixit</span> <span class='ocrx_word' id='word_1_11' title='bbox 1180 571 1211 632; x_wconf 92' lang='lat' dir='ltr'>in</span> <span class='ocrx_word' id='word_1_12' title='bbox 1225 573 1338 644; x_wconf 88' lang='lat' dir='ltr'>arbore,</span> <span class='ocrx_word' id='word_1_13' title='bbox 1353 582 1382 631; x_wconf 91' lang='lat' dir='ltr'>et</span> <span class='ocrx_word' id='word_1_14' title='bbox 1397 570 1446 629; x_wconf 78' lang='lat' dir='ltr'>in-</span> 
     </span>
    </p>

    <p class='ocr_par' dir='ltr' id='par_1_3' title="bbox 286 652 1444 732">
     <span class='ocr_line' id='line_1_3' title="bbox 286 652 1444 732; baseline -0.003 -18"><span class='ocrx_word' id='word_1_15' title='bbox 286 655 356 732; x_wconf 85' lang='lat' dir='ltr'>quia</span> <span class='ocrx_word' id='word_1_16' title='bbox 370 655 446 714; x_wconf 90' lang='lat' dir='ltr'>male</span> <span class='ocrx_word' id='word_1_17' title='bbox 465 655 579 715; x_wconf 91' lang='lat' dir='ltr'>locutus</span> <span class='ocrx_word' id='word_1_18' title='bbox 594 652 647 712; x_wconf 82' lang='lat' dir='ltr'>fuit</span> <span class='ocrx_word' id='word_1_19' title='bbox 659 654 690 712; x_wconf 90' lang='lat' dir='ltr'>in</span> <span class='ocrx_word' id='word_1_20' title='bbox 705 653 841 726; x_wconf 83' lang='lat' dir='ltr'><strong>Dianam,</strong></span> <span class='ocrx_word' id='word_1_21' title='bbox 883 654 1012 714; x_wconf 86' lang='lat' dir='ltr'><strong>solenter</strong></span> <span class='ocrx_word' id='word_1_22' title='bbox 1037 653 1151 712; x_wconf 90' lang='lat' dir='ltr'>locutus</span> <span class='ocrx_word' id='word_1_23' title='bbox 1175 654 1205 711; x_wconf 92' lang='lat' dir='ltr'>in</span> <span class='ocrx_word' id='word_1_24' title='bbox 1228 652 1358 712; x_wconf 78' lang='lat' dir='ltr'><strong>Dianam</strong></span> <span class='ocrx_word' id='word_1_25' title='bbox 1384 655 1444 712; x_wconf 91' lang='lat' dir='ltr'>sub</span> 
     </span>
    </p>

    <p class='ocr_par' dir='ltr' id='par_1_4' title="bbox 286 734 1445 812">
     <span class='ocr_line' id='line_1_4' title="bbox 286 734 1445 812; baseline -0.003 -16"><span class='ocrx_word' id='word_1_26' title='bbox 286 737 335 796; x_wconf 91' lang='lat' dir='ltr'>illa</span> <span class='ocrx_word' id='word_1_27' title='bbox 360 736 492 808; x_wconf 81' lang='lat' dir='ltr'>faciente,</span> <span class='ocrx_word' id='word_1_28' title='bbox 507 735 620 796; x_wconf 81' lang='lat' dir='ltr'>cecidit</span> <span class='ocrx_word' id='word_1_29' title='bbox 644 743 732 811; x_wconf 90' lang='lat' dir='ltr'>caput</span> <span class='ocrx_word' id='word_1_30' title='bbox 756 753 844 812; x_wconf 90' lang='lat' dir='ltr'>super</span> <span class='ocrx_word' id='word_1_31' title='bbox 884 734 988 794; x_wconf 85' lang='lat' dir='ltr'>eadem</span> <span class='ocrx_word' id='word_1_32' title='bbox 999 735 1102 794; x_wconf 90' lang='lat' dir='ltr'>arbore</span> <span class='ocrx_word' id='word_1_33' title='bbox 1116 734 1272 794; x_wconf 89' lang='lat' dir='ltr'>occubuit:</span> <span class='ocrx_word' id='word_1_34' title='bbox 1290 735 1359 794; x_wconf 89' lang='lat' dir='ltr'>hnic</span> <span class='ocrx_word' id='word_1_35' title='bbox 1374 735 1445 793; x_wconf 85' lang='lat' dir='ltr'>dor-</span> 
     </span>
    </p>

    <p class='ocr_par' dir='ltr' id='par_1_5' title="bbox 287 815 1509 958">
     <span class='ocr_line' id='line_1_5' title="bbox 287 815 1509 896; baseline -0.003 -18"><span class='ocrx_word' id='word_1_36' title='bbox 287 827 391 896; x_wconf 86' lang='lat' dir='ltr'>pectus</span> <span class='ocrx_word' id='word_1_37' title='bbox 406 818 469 878; x_wconf 89' lang='lat' dir='ltr'>eius</span> <span class='ocrx_word' id='word_1_38' title='bbox 483 826 512 877; x_wconf 91' lang='lat' dir='ltr'>et</span> <span class='ocrx_word' id='word_1_39' title='bbox 524 826 657 877; x_wconf 89' lang='lat' dir='ltr'>mortuus</span> <span class='ocrx_word' id='word_1_40' title='bbox 671 825 724 876; x_wconf 87' lang='lat' dir='ltr'>est</span> <span class='ocrx_word' id='word_1_41' title='bbox 769 815 806 876; x_wconf 90' lang='lat' dir='ltr'>G.</span> <span class='ocrx_word' id='word_1_42' title='bbox 885 816 986 876; x_wconf 88' lang='lat' dir='ltr'>mienti</span> <span class='ocrx_word' id='word_1_43' title='bbox 1014 817 1045 876; x_wconf 88' lang='lat' dir='ltr'>in</span> <span class='ocrx_word' id='word_1_44' title='bbox 1075 825 1164 892; x_wconf 86' lang='lat' dir='ltr'>caput</span> <span class='ocrx_word' id='word_1_45' title='bbox 1188 816 1290 876; x_wconf 82' lang='lat' dir='ltr'>incidit</span> <span class='ocrx_word' id='word_1_46' title='bbox 1316 818 1444 895; x_wconf 88' lang='lat' dir='ltr'>impetus</span> <span class='ocrx_word' id='word_1_47' title='bbox 1505 849 1509 856; x_wconf 90' lang='lat'><em>·</em></span> 
     </span>
     <span class='ocr_line' id='line_1_6' title="bbox 886 897 1206 958; baseline 0 -2"><span class='ocrx_word' id='word_1_48' title='bbox 886 906 916 956; x_wconf 90' lang='lat' dir='ltr'>et</span> <span class='ocrx_word' id='word_1_49' title='bbox 929 915 997 956; x_wconf 89' lang='lat' dir='ltr'>eum</span> <span class='ocrx_word' id='word_1_50' title='bbox 1011 897 1126 958; x_wconf 88' lang='lat' dir='ltr'>occidit.</span> <span class='ocrx_word' id='word_1_51' title='bbox 1167 897 1206 956; x_wconf 92' lang='lat' dir='ltr'>P.</span> 
     </span>
    </p>

    <p class='ocr_par' dir='ltr' id='par_1_6' title="bbox 286 977 1443 1220">
     <span class='ocr_line' id='line_1_7' title="bbox 307 977 1443 1056; baseline 0 -18"><span class='ocrx_word' id='word_1_52' title='bbox 307 995 310 998; x_wconf 85' lang='lat'>·</span> <span class='ocrx_word' id='word_1_53' title='bbox 328 979 465 1040; x_wconf 84' lang='lat' dir='ltr'>Driamas</span> <span class='ocrx_word' id='word_1_54' title='bbox 475 980 541 1039; x_wconf 66' lang='lat' dir='ltr'>‘siue</span> <span class='ocrx_word' id='word_1_55' title='bbox 556 977 666 1037; x_wconf 93' lang='lat' dir='ltr'>Thoon</span> <span class='ocrx_word' id='word_1_56' title='bbox 681 978 760 1056; x_wconf 89' lang='lat' dir='ltr'>apud</span> <span class='ocrx_word' id='word_1_57' title='bbox 774 978 889 1038; x_wconf 89' lang='lat' dir='ltr'>Italiam</span> <span class='ocrx_word' id='word_1_58' title='bbox 910 979 1058 1038; x_wconf 88' lang='lat' dir='ltr'>ciuitatem</span> <span class='ocrx_word' id='word_1_59' title='bbox 1078 988 1202 1038; x_wconf 91' lang='lat' dir='ltr'>uenator</span> <span class='ocrx_word' id='word_1_60' title='bbox 1214 977 1330 1038; x_wconf 88' lang='lat' dir='ltr'>Dianae</span> <span class='ocrx_word' id='word_1_61' title='bbox 1350 979 1443 1038; x_wconf 89' lang='lat' dir='ltr'>male-</span> 
     </span>
     <span class='ocr_line' id='line_1_8' title="bbox 288 1060 1443 1139; baseline 0 -20"><span class='ocrx_word' id='word_1_62' title='bbox 288 1061 377 1126; x_wconf 80' lang='lat' dir='ltr'>dixit:</span> <span class='ocrx_word' id='word_1_63' title='bbox 399 1061 478 1121; x_wconf 91' lang='lat' dir='ltr'>unde</span> <span class='ocrx_word' id='word_1_64' title='bbox 492 1063 547 1121; x_wconf 84' lang='lat' dir='ltr'>sab</span> <span class='ocrx_word' id='word_1_65' title='bbox 560 1061 662 1120; x_wconf 87' lang='lat' dir='ltr'>arbore</span> <span class='ocrx_word' id='word_1_66' title='bbox 678 1061 825 1120; x_wconf 89' lang='lat' dir='ltr'>accubans</span> <span class='ocrx_word' id='word_1_67' title='bbox 839 1079 857 1119; x_wconf 90' lang='lat' dir='ltr'>a</span> <span class='ocrx_word' id='word_1_68' title='bbox 871 1060 965 1137; x_wconf 88' lang='lat' dir='ltr'>capite</span> <span class='ocrx_word' id='word_1_69' title='bbox 979 1061 1041 1139; x_wconf 88' lang='lat' dir='ltr'>apri</span> <span class='ocrx_word' id='word_1_70' title='bbox 1056 1061 1146 1120; x_wconf 91' lang='lat' dir='ltr'>occisi</span> <span class='ocrx_word' id='word_1_71' title='bbox 1160 1061 1191 1118; x_wconf 92' lang='lat' dir='ltr'>in</span> <span class='ocrx_word' id='word_1_72' title='bbox 1201 1078 1284 1119; x_wconf 85' lang='lat' dir='ltr'>ramo</span> <span class='ocrx_word' id='word_1_73' title='bbox 1295 1077 1443 1137; x_wconf 88' lang='lat' dir='ltr'>suspenso</span> 
     </span>
     <span class='ocr_line' id='line_1_9' title="bbox 286 1140 1340 1220; baseline -0.007 -13"><span class='ocrx_word' id='word_1_74' title='bbox 286 1153 317 1207; x_wconf 84' lang='lat' dir='ltr'>et</span> <span class='ocrx_word' id='word_1_75' title='bbox 333 1161 421 1220; x_wconf 90' lang='lat' dir='ltr'>supra</span> <span class='ocrx_word' id='word_1_76' title='bbox 434 1152 538 1219; x_wconf 87' lang='lat' dir='ltr'>peetus</span> <span class='ocrx_word' id='word_1_77' title='bbox 551 1143 609 1200; x_wconf 80' lang='lat' dir='ltr'>aas</span> <span class='ocrx_word' id='word_1_78' title='bbox 623 1141 744 1218; x_wconf 89' lang='lat' dir='ltr'>delapso</span> <span class='ocrx_word' id='word_1_79' title='bbox 759 1152 831 1200; x_wconf 91' lang='lat' dir='ltr'>nutu</span> <span class='ocrx_word' id='word_1_80' title='bbox 845 1141 958 1202; x_wconf 89' lang='lat' dir='ltr'>Dianae</span> <span class='ocrx_word' id='word_1_81' title='bbox 973 1150 1017 1202; x_wconf 91' lang='lat' dir='ltr'>est</span> <span class='ocrx_word' id='word_1_82' title='bbox 1031 1159 1198 1219; x_wconf 83' lang='lat' dir='ltr'>oppressus</span> <span class='ocrx_word' id='word_1_83' title='bbox 1240 1140 1340 1200; x_wconf 87' lang='lat' dir='ltr'>Mare.</span> 
     </span>
    </p>

    <p class='ocr_par' dir='ltr' id='par_1_7' title="bbox 288 1222 1447 1609">
     <span class='ocr_line' id='line_1_10' title="bbox 332 1222 1444 1299; baseline -0.001 -16"><span class='ocrx_word' id='word_1_84' title='bbox 332 1237 400 1299; x_wconf 82' lang='lat'><strong><em>507.</em></strong></span> <span class='ocrx_word' id='word_1_85' title='bbox 424 1223 502 1283; x_wconf 89' lang='lat' dir='ltr'>Siue</span> <span class='ocrx_word' id='word_1_86' title='bbox 523 1223 613 1282; x_wconf 92' lang='lat' dir='ltr'>idem</span> <span class='ocrx_word' id='word_1_87' title='bbox 634 1222 746 1282; x_wconf 88' lang='lat' dir='ltr'>simili.</span> <span class='ocrx_word' id='word_1_88' title='bbox 788 1223 845 1283; x_wconf 92' lang='lat' dir='ltr'>Be·</span> <span class='ocrx_word' id='word_1_89' title='bbox 927 1223 1098 1283; x_wconf 88' lang='lat' dir='ltr'>Berecintus</span> <span class='ocrx_word' id='word_1_90' title='bbox 1116 1223 1210 1282; x_wconf 90' lang='lat' dir='ltr'>insula</span> <span class='ocrx_word' id='word_1_91' title='bbox 1229 1233 1273 1282; x_wconf 91' lang='lat' dir='ltr'>est</span> <span class='ocrx_word' id='word_1_92' title='bbox 1292 1223 1340 1282; x_wconf 93' lang='lat' dir='ltr'>uel</span> <span class='ocrx_word' id='word_1_93' title='bbox 1355 1241 1444 1282; x_wconf 91' lang='lat' dir='ltr'>mons</span> 
     </span>
     <span class='ocr_line' id='line_1_11' title="bbox 289 1303 1447 1381; baseline -0.002 -17"><span class='ocrx_word' id='word_1_94' title='bbox 289 1306 461 1375; x_wconf 82' lang='lat' dir='ltr'>recintiades</span> <span class='ocrx_word' id='word_1_95' title='bbox 476 1305 518 1365; x_wconf 91' lang='lat' dir='ltr'>sic</span> <span class='ocrx_word' id='word_1_96' title='bbox 539 1305 633 1364; x_wconf 89' lang='lat' dir='ltr'>dictus</span> <span class='ocrx_word' id='word_1_97' title='bbox 648 1322 665 1363; x_wconf 93' lang='lat' dir='ltr'>a</span> <span class='ocrx_word' id='word_1_98' title='bbox 681 1303 844 1364; x_wconf 91' lang='lat' dir='ltr'>Berecintio</span> <span class='ocrx_word' id='word_1_99' title='bbox 885 1305 916 1363; x_wconf 91' lang='lat' dir='ltr'>in</span> <span class='ocrx_word' id='word_1_100' title='bbox 938 1305 1035 1381; x_wconf 87' lang='lat' dir='ltr'>Frigia</span> <span class='ocrx_word' id='word_1_101' title='bbox 1055 1305 1105 1364; x_wconf 92' lang='lat' dir='ltr'>ubi</span> <span class='ocrx_word' id='word_1_102' title='bbox 1127 1306 1207 1363; x_wconf 80' lang='lat' dir='ltr'>Attin</span> <span class='ocrx_word' id='word_1_103' title='bbox 1229 1313 1352 1364; x_wconf 90' lang='lat' dir='ltr'>uenator</span> <span class='ocrx_word' id='word_1_104' title='bbox 1374 1305 1447 1381; x_wconf 85' lang='lat' dir='ltr'>quia</span> 
     </span>
     <span class='ocr_line' id='line_1_12' title="bbox 288 1385 1443 1465; baseline -0.002 -17"><span class='ocrx_word' id='word_1_105' title='bbox 288 1397 390 1448; x_wconf 89' lang='lat' dir='ltr'>monte</span> <span class='ocrx_word' id='word_1_106' title='bbox 404 1387 490 1448; x_wconf 86' lang='lat' dir='ltr'>simili</span> <span class='ocrx_word' id='word_1_107' title='bbox 504 1395 599 1448; x_wconf 91' lang='lat' dir='ltr'>morte</span> <span class='ocrx_word' id='word_1_108' title='bbox 612 1385 698 1446; x_wconf 83' lang='lat' dir='ltr'>simili</span> <span class='ocrx_word' id='word_1_109' title='bbox 711 1386 747 1446; x_wconf 92' lang='lat' dir='ltr'>de</span> <span class='ocrx_word' id='word_1_110' title='bbox 759 1387 845 1465; x_wconf 88' lang='lat' dir='ltr'>culpa</span> <span class='ocrx_word' id='word_1_111' title='bbox 884 1386 1043 1446; x_wconf 88' lang='lat' dir='ltr'>insolenter</span> <span class='ocrx_word' id='word_1_112' title='bbox 1059 1387 1174 1445; x_wconf 90' lang='lat' dir='ltr'>locutus</span> <span class='ocrx_word' id='word_1_113' title='bbox 1187 1396 1231 1445; x_wconf 90' lang='lat' dir='ltr'>est</span> <span class='ocrx_word' id='word_1_114' title='bbox 1247 1386 1279 1444; x_wconf 93' lang='lat' dir='ltr'>in</span> <span class='ocrx_word' id='word_1_115' title='bbox 1292 1385 1443 1451; x_wconf 84' lang='lat' dir='ltr'>†Dianam</span> 
     </span>
     <span class='ocr_line' id='line_1_13' title="bbox 289 1467 1444 1609; baseline -0.002 -81"><span class='ocrx_word' id='word_1_116' title='bbox 289 1469 402 1532; x_wconf 91' lang='lat' dir='ltr'>cecidit.</span> <span class='ocrx_word' id='word_1_117' title='bbox 448 1467 485 1536; x_wconf 90' lang='lat' dir='ltr'>G.</span> <span class='ocrx_word' id='word_1_118' title='bbox 888 1468 991 1609; x_wconf 63' lang='lat' dir='ltr'>ecadem</span> <span class='ocrx_word' id='word_1_119' title='bbox 1005 1476 1099 1528; x_wconf 91' lang='lat' dir='ltr'>morte</span> <span class='ocrx_word' id='word_1_120' title='bbox 1115 1468 1199 1544; x_wconf 91' lang='lat' dir='ltr'>periit</span> <span class='ocrx_word' id='word_1_121' title='bbox 1215 1486 1273 1547; x_wconf 91' lang='lat' dir='ltr'>qua</span> <span class='ocrx_word' id='word_1_122' title='bbox 1286 1479 1316 1528; x_wconf 91' lang='lat' dir='ltr'>et</span> <span class='ocrx_word' id='word_1_123' title='bbox 1330 1467 1444 1532; x_wconf 71' lang='lat' dir='ltr'>Thoas,</span> 
     </span>
    </p>

    <p class='ocr_par' dir='ltr' id='par_1_8' title="bbox 289 1629 1444 1870">
     <span class='ocr_line' id='line_1_14' title="bbox 331 1629 1444 1708; baseline 0 -19"><span class='ocrx_word' id='word_1_124' title='bbox 331 1631 396 1691; x_wconf 88' lang='lat' dir='ltr'>Atis</span> <span class='ocrx_word' id='word_1_125' title='bbox 410 1632 441 1690; x_wconf 94' lang='lat' dir='ltr'>in</span> <span class='ocrx_word' id='word_1_126' title='bbox 455 1629 638 1707; x_wconf 90' lang='lat' dir='ltr'>Berecyntho</span> <span class='ocrx_word' id='word_1_127' title='bbox 651 1640 760 1702; x_wconf 91' lang='lat' dir='ltr'>monte,</span> <span class='ocrx_word' id='word_1_128' title='bbox 772 1631 822 1689; x_wconf 90' lang='lat' dir='ltr'>ubi</span> <span class='ocrx_word' id='word_1_129' title='bbox 833 1630 958 1708; x_wconf 90' lang='lat' dir='ltr'>Cybeles</span> <span class='ocrx_word' id='word_1_130' title='bbox 973 1648 1056 1690; x_wconf 90' lang='lat' dir='ltr'>sacra</span> <span class='ocrx_word' id='word_1_131' title='bbox 1070 1631 1187 1701; x_wconf 87' lang='lat' dir='ltr'>fiebant,</span> <span class='ocrx_word' id='word_1_132' title='bbox 1200 1648 1268 1690; x_wconf 91' lang='lat' dir='ltr'>cum</span> <span class='ocrx_word' id='word_1_133' title='bbox 1281 1640 1444 1702; x_wconf 89' lang='lat' dir='ltr'>uenaretur‚</span> 
     </span>
     <span class='ocr_line' id='line_1_15' title="bbox 289 1712 1444 1790; baseline -0.003 -16"><span class='ocrx_word' id='word_1_134' title='bbox 289 1712 458 1775; x_wconf 79' lang='lat' dir='ltr'>lassitudine</span> <span class='ocrx_word' id='word_1_135' title='bbox 485 1729 652 1789; x_wconf 88' lang='lat' dir='ltr'>oppressus,</span> <span class='ocrx_word' id='word_1_136' title='bbox 676 1713 730 1770; x_wconf 91' lang='lat' dir='ltr'>sub</span> <span class='ocrx_word' id='word_1_137' title='bbox 758 1713 831 1787; x_wconf 89' lang='lat' dir='ltr'>pinu</span> <span class='ocrx_word' id='word_1_138' title='bbox 853 1729 993 1772; x_wconf 87' lang='lat' dir='ltr'>somnum</span> <span class='ocrx_word' id='word_1_139' title='bbox 1017 1713 1144 1790; x_wconf 85' lang='lat' dir='ltr'>capiens,</span> <span class='ocrx_word' id='word_1_140' title='bbox 1168 1713 1248 1789; x_wconf 92' lang='lat' dir='ltr'>pinei</span> <span class='ocrx_word' id='word_1_141' title='bbox 1270 1712 1352 1789; x_wconf 90' lang='lat' dir='ltr'>pomi</span> <span class='ocrx_word' id='word_1_142' title='bbox 1374 1729 1444 1772; x_wconf 88' lang='lat' dir='ltr'>casu</span> 
     </span>
     <span class='ocr_line' id='line_1_16' title="bbox 291 1792 767 1870; baseline -0.006 -15"><span class='ocrx_word' id='word_1_143' title='bbox 291 1796 413 1856; x_wconf 90' lang='lat' dir='ltr'>obrutus</span> <span class='ocrx_word' id='word_1_144' title='bbox 427 1803 479 1853; x_wconf 80' lang='lat' dir='ltr'>est.</span> <span class='ocrx_word' id='word_1_145' title='bbox 523 1792 590 1853; x_wconf 85' lang='lat' dir='ltr'>Cad.</span> <span class='ocrx_word' id='word_1_146' title='bbox 606 1792 767 1870; x_wconf 80' lang='lat' dir='ltr'>Saluagnzi.</span> 
     </span>
    </p>

    <p class='ocr_par' dir='ltr' id='par_1_9' title="bbox 292 1874 1447 2444">
     <span class='ocr_line' id='line_1_17' title="bbox 335 1874 1445 1951; baseline -0.001 -16"><span class='ocrx_word' id='word_1_147' title='bbox 335 1890 403 1950; x_wconf 88' lang='lat'><strong>509.</strong></span> <span class='ocrx_word' id='word_1_148' title='bbox 427 1875 461 1934; x_wconf 93' lang='lat' dir='ltr'>Si</span> <span class='ocrx_word' id='word_1_149' title='bbox 478 1885 536 1934; x_wconf 86' lang='lat' dir='ltr'>tua</span> <span class='ocrx_word' id='word_1_150' title='bbox 551 1875 747 1951; x_wconf 85' lang='lat' dir='ltr'>contigerit</span> <span class='ocrx_word' id='word_1_151' title='bbox 789 1874 846 1933; x_wconf 90' lang='lat' dir='ltr'>Mi·</span> <span class='ocrx_word' id='word_1_152' title='bbox 930 1874 1085 1935; x_wconf 83' lang='lat' dir='ltr'>Cretenses</span> <span class='ocrx_word' id='word_1_153' title='bbox 1098 1893 1136 1935; x_wconf 87' lang='lat' dir='ltr'>ex</span> <span class='ocrx_word' id='word_1_154' title='bbox 1150 1874 1246 1935; x_wconf 83' lang='lat' dir='ltr'>Sicilia</span> <span class='ocrx_word' id='word_1_155' title='bbox 1259 1874 1369 1936; x_wconf 70' lang='lat' dir='ltr'>liranis</span> <span class='ocrx_word' id='word_1_156' title='bbox 1383 1891 1445 1934; x_wconf 83' lang='lat' dir='ltr'>assa</span> 
     </span>
     <span class='ocr_line' id='line_1_18' title="bbox 292 1954 1442 2034; baseline -0.002 -16"><span class='ocrx_word' id='word_1_157' title='bbox 292 1975 350 2018; x_wconf 89' lang='lat' dir='ltr'>noe</span> <span class='ocrx_word' id='word_1_158' title='bbox 365 1956 516 2017; x_wconf 87' lang='lat' dir='ltr'>interfecto</span> <span class='ocrx_word' id='word_1_159' title='bbox 531 1971 549 2014; x_wconf 86' lang='lat' dir='ltr'>a</span> <span class='ocrx_word' id='word_1_160' title='bbox 562 1955 683 2029; x_wconf 63' lang='lat' dir='ltr'>Cocalo</span> <span class='ocrx_word' id='word_1_161' title='bbox 692 1954 848 2016; x_wconf 88' lang='lat' dir='ltr'>Cretenses</span> <span class='ocrx_word' id='word_1_162' title='bbox 889 1956 1045 2016; x_wconf 82' lang='lat' dir='ltr'>inferentes</span> <span class='ocrx_word' id='word_1_163' title='bbox 1081 1955 1241 2034; x_wconf 87' lang='lat' dir='ltr'>Corcyram</span> <span class='ocrx_word' id='word_1_164' title='bbox 1279 1965 1442 2017; x_wconf 90' lang='lat' dir='ltr'>uenerunt:</span> 
     </span>
     <span class='ocr_line' id='line_1_19' title="bbox 294 2036 1445 2115; baseline 0.001 -16"><span class='ocrx_word' id='word_1_165' title='bbox 294 2039 331 2099; x_wconf 93' lang='lat' dir='ltr'>de</span> <span class='ocrx_word' id='word_1_166' title='bbox 366 2037 463 2098; x_wconf 89' lang='lat' dir='ltr'>Sicilia</span> <span class='ocrx_word' id='word_1_167' title='bbox 498 2055 567 2096; x_wconf 89' lang='lat' dir='ltr'>ossa</span> <span class='ocrx_word' id='word_1_168' title='bbox 598 2038 660 2097; x_wconf 91' lang='lat' dir='ltr'>eius</span> <span class='ocrx_word' id='word_1_169' title='bbox 691 2036 848 2097; x_wconf 87' lang='lat' dir='ltr'>reserentes</span> <span class='ocrx_word' id='word_1_170' title='bbox 889 2056 966 2115; x_wconf 89' lang='lat' dir='ltr'>quos</span> <span class='ocrx_word' id='word_1_171' title='bbox 980 2037 1154 2115; x_wconf 86' lang='lat' dir='ltr'>lugauerunt</span> <span class='ocrx_word' id='word_1_172' title='bbox 1165 2038 1319 2114; x_wconf 80' lang='lat' dir='ltr'>Corcyraei</span> <span class='ocrx_word' id='word_1_173' title='bbox 1333 2048 1362 2098; x_wconf 93' lang='lat' dir='ltr'>et</span> <span class='ocrx_word' id='word_1_174' title='bbox 1376 2056 1445 2100; x_wconf 83' lang='lat' dir='ltr'>ossa</span> 
     </span>
     <span class='ocr_line' id='line_1_20' title="bbox 293 2117 1446 2195; baseline -0.002 -15"><span class='ocrx_word' id='word_1_175' title='bbox 293 2118 435 2180; x_wconf 90' lang='lat' dir='ltr'>Corcirae</span> <span class='ocrx_word' id='word_1_176' title='bbox 468 2118 676 2195; x_wconf 89' lang='lat' dir='ltr'>applicuerunt.</span> <span class='ocrx_word' id='word_1_177' title='bbox 748 2117 847 2179; x_wconf 90' lang='lat' dir='ltr'>Corci·</span> <span class='ocrx_word' id='word_1_178' title='bbox 891 2119 998 2178; x_wconf 83' lang='lat' dir='ltr'>Minois</span> <span class='ocrx_word' id='word_1_179' title='bbox 1039 2119 1227 2179; x_wconf 88' lang='lat' dir='ltr'>abstulerunt</span> <span class='ocrx_word' id='word_1_180' title='bbox 1294 2120 1373 2179; x_wconf 89' lang='lat' dir='ltr'>unde</span> <span class='ocrx_word' id='word_1_181' title='bbox 1412 2120 1446 2178; x_wconf 86' lang='lat' dir='ltr'>in</span> 
     </span>
     <span class='ocr_line' id='line_1_21' title="bbox 293 2197 1447 2280; baseline 0.005 -22"><span class='ocrx_word' id='word_1_182' title='bbox 293 2202 352 2260; x_wconf 90' lang='lat' dir='ltr'>raei</span> <span class='ocrx_word' id='word_1_183' title='bbox 371 2219 443 2260; x_wconf 92' lang='lat' dir='ltr'>uero</span> <span class='ocrx_word' id='word_1_184' title='bbox 464 2218 516 2259; x_wconf 92' lang='lat' dir='ltr'>eos</span> <span class='ocrx_word' id='word_1_185' title='bbox 537 2209 716 2259; x_wconf 87' lang='lat' dir='ltr'>uexauerunt</span> <span class='ocrx_word' id='word_1_186' title='bbox 735 2210 764 2260; x_wconf 92' lang='lat' dir='ltr'>et</span> <span class='ocrx_word' id='word_1_187' title='bbox 780 2219 849 2262; x_wconf 88' lang='lat' dir='ltr'>ossa</span> <span class='ocrx_word' id='word_1_188' title='bbox 891 2200 978 2260; x_wconf 91' lang='lat' dir='ltr'>Creta</span> <span class='ocrx_word' id='word_1_189' title='bbox 1012 2199 1112 2280; x_wconf 77' lang='lat' dir='ltr'>(nocte</span> <span class='ocrx_word' id='word_1_190' title='bbox 1142 2197 1184 2278; x_wconf 79' lang='lat' dir='ltr'>C)</span> <span class='ocrx_word' id='word_1_191' title='bbox 1219 2211 1357 2262; x_wconf 89' lang='lat' dir='ltr'>statutum</span> <span class='ocrx_word' id='word_1_192' title='bbox 1390 2200 1447 2265; x_wconf 89' lang='lat' dir='ltr'>fuit</span> 
     </span>
     <span class='ocr_line' id='line_1_22' title="bbox 294 2282 1446 2360; baseline 0.002 -19"><span class='ocrx_word' id='word_1_193' title='bbox 294 2282 498 2359; x_wconf 88' lang='lat' dir='ltr'>disperserunt.</span> <span class='ocrx_word' id='word_1_194' title='bbox 576 2300 666 2359; x_wconf 90' lang='lat' dir='ltr'>quare</span> <span class='ocrx_word' id='word_1_195' title='bbox 713 2282 849 2360; x_wconf 93' lang='lat' dir='ltr'>quotiens</span> <span class='ocrx_word' id='word_1_196' title='bbox 890 2282 971 2359; x_wconf 91' lang='lat' dir='ltr'>quod</span> <span class='ocrx_word' id='word_1_197' title='bbox 1008 2283 1184 2360; x_wconf 90' lang='lat' dir='ltr'>quicumque</span> <span class='ocrx_word' id='word_1_198' title='bbox 1219 2283 1377 2360; x_wconf 49' lang='lat' dir='ltr'>¹Corcyraei</span> <span class='ocrx_word' id='word_1_199' title='bbox 1414 2283 1446 2344; x_wconf 89' lang='lat' dir='ltr'>in</span> 
     </span>
     <span class='ocr_line' id='line_1_23' title="bbox 295 2360 1446 2444; baseline -0.001 -21"><span class='ocrx_word' id='word_1_200' title='bbox 295 2363 443 2423; x_wconf 90' lang='lat' dir='ltr'>Corciraei</span> <span class='ocrx_word' id='word_1_201' title='bbox 479 2362 598 2422; x_wconf 86' lang='lat' dir='ltr'>Cretam</span> <span class='ocrx_word' id='word_1_202' title='bbox 633 2375 776 2423; x_wconf 85' lang='lat' dir='ltr'>uenerunt</span> <span class='ocrx_word' id='word_1_203' title='bbox 796 2365 849 2423; x_wconf 74' lang='lat' dir='ltr'>‘ab</span> <span class='ocrx_word' id='word_1_204' title='bbox 891 2363 1009 2424; x_wconf 89' lang='lat' dir='ltr'>Cretam</span> <span class='ocrx_word' id='word_1_205' title='bbox 1031 2360 1151 2443; x_wconf 85' lang='lat' dir='ltr'>(Creten</span> <span class='ocrx_word' id='word_1_206' title='bbox 1166 2363 1210 2444; x_wconf 79' lang='lat' dir='ltr'>C)</span> <span class='ocrx_word' id='word_1_207' title='bbox 1230 2365 1362 2424; x_wconf 88' lang='lat' dir='ltr'>uenirent</span> <span class='ocrx_word' id='word_1_208' title='bbox 1382 2381 1446 2424; x_wconf 54' lang='lat' dir='ltr'>susa</span> 
     </span>
    </p>
   </div>
   <div class='ocr_carea' id='block_1_3' title="bbox 295 2440 1446 2588">
    <p class='ocr_par' dir='ltr' id='par_1_10' title="bbox 295 2440 1446 2588">
     <span class='ocr_line' id='line_1_24' title="bbox 295 2440 1446 2588; baseline 0.002 -84"><span class='ocrx_word' id='word_1_209' title='bbox 295 2444 483 2506; x_wconf 89' lang='lat' dir='ltr'>Cretensibus</span> <span class='ocrx_word' id='word_1_210' title='bbox 496 2446 711 2506; x_wconf 87' lang='lat' dir='ltr'>occidebantur.</span> <span class='ocrx_word' id='word_1_211' title='bbox 756 2445 793 2506; x_wconf 88' lang='lat' dir='ltr'>G.</span> <span class='ocrx_word' id='word_1_212' title='bbox 890 2445 1095 2588; x_wconf 43' lang='lat' dir='ltr'>{enderegtun</span> <span class='ocrx_word' id='word_1_213' title='bbox 1119 2442 1164 2527; x_wconf 91' lang='lat' dir='ltr'>[ut</span> <span class='ocrx_word' id='word_1_214' title='bbox 1187 2448 1227 2508; x_wconf 90' lang='lat' dir='ltr'>ait</span> <span class='ocrx_word' id='word_1_215' title='bbox 1251 2440 1446 2526; x_wconf 73' lang='lat' dir='ltr'>tMenestro.]</span> 
     </span>
     <span class='ocr_line' id='line_1_25' title="bbox 920 2547 1048 2586; baseline 0 -1"><span class='ocrx_word' id='word_1_216' title='bbox 920 2547 988 2586; x_wconf 86' lang='lat' dir='ltr'>s.e</span> <span class='ocrx_word' id='word_1_217' title='bbox 1042 2571 1048 2585; x_wconf 94' lang='lat'><strong><em>.</em></strong></span> 
     </span>
    </p>
   </div>
   <div class='ocr_carea' id='block_1_4' title="bbox 337 2607 1447 2687">
    <p class='ocr_par' dir='ltr' id='par_1_11' title="bbox 337 2607 1447 2687">
     <span class='ocr_line' id='line_1_26' title="bbox 337 2607 1447 2687; baseline 0.004 -20"><span class='ocrx_word' id='word_1_218' title='bbox 337 2623 405 2683; x_wconf 86' lang='lat'>511.</span> <span class='ocrx_word' id='word_1_219' title='bbox 433 2607 478 2668; x_wconf 92' lang='lat' dir='ltr'>Vt</span> <span class='ocrx_word' id='word_1_220' title='bbox 506 2609 649 2685; x_wconf 85' lang='lat' dir='ltr'>sanguis</span> <span class='ocrx_word' id='word_1_221' title='bbox 676 2608 814 2670; x_wconf 87' lang='lat' dir='ltr'>Aleuae.</span> <span class='ocrx_word' id='word_1_222' title='bbox 837 2630 839 2634; x_wconf 93' lang='lat'>·</span> <span class='ocrx_word' id='word_1_223' title='bbox 872 2607 998 2674; x_wconf 82' lang='lat' dir='ltr'>*Alebas</span> <span class='ocrx_word' id='word_1_224' title='bbox 1026 2626 1131 2687; x_wconf 85' lang='lat' dir='ltr'>passus</span> <span class='ocrx_word' id='word_1_225' title='bbox 1162 2617 1207 2670; x_wconf 85' lang='lat' dir='ltr'>est</span> <span class='ocrx_word' id='word_1_226' title='bbox 1233 2610 1347 2670; x_wconf 88' lang='lat' dir='ltr'>ruinam</span> <span class='ocrx_word' id='word_1_227' title='bbox 1375 2627 1447 2671; x_wconf 88' lang='lat' dir='ltr'>suae</span> 
     </span>
    </p>
   </div>
   <div class='ocr_carea' id='block_1_5' title="bbox 292 2827 1453 4606">
    <p class='ocr_par' dir='ltr' id='par_1_12' title="bbox 292 2827 1452 3613">
     <span class='ocr_line' id='line_1_27' title="bbox 296 2827 1448 2903; baseline -0.003 -13"><span class='ocrx_word' id='word_1_228' title='bbox 296 2834 395 2890; x_wconf 89' lang='lat' dir='ltr'>arbore</span> <span class='ocrx_word' id='word_1_229' title='bbox 412 2835 490 2890; x_wconf 85' lang='lat' dir='ltr'>Mare</span> <span class='ocrx_word' id='word_1_230' title='bbox 542 2831 606 2903; x_wconf 85' lang='lat' dir='ltr'>eius]</span> <span class='ocrx_word' id='word_1_231' title='bbox 626 2849 706 2888; x_wconf 89' lang='lat' dir='ltr'>suurn</span> <span class='ocrx_word' id='word_1_232' title='bbox 725 2827 803 2890; x_wconf 68' lang='lat' dir='ltr'>Mure</span> <span class='ocrx_word' id='word_1_233' title='bbox 847 2835 948 2891; x_wconf 77' lang='lat' dir='ltr'>Eadem</span> <span class='ocrx_word' id='word_1_234' title='bbox 965 2837 1075 2890; x_wconf 86' lang='lat' dir='ltr'>historia</span> <span class='ocrx_word' id='word_1_235' title='bbox 1092 2838 1119 2889; x_wconf 90' lang='lat' dir='ltr'>in</span> <span class='ocrx_word' id='word_1_236' title='bbox 1137 2835 1160 2890; x_wconf 88' lang='lat' dir='ltr'>C</span> <span class='ocrx_word' id='word_1_237' title='bbox 1176 2835 1242 2889; x_wconf 79' lang='lat' dir='ltr'>Asi.</span> <span class='ocrx_word' id='word_1_238' title='bbox 1261 2833 1357 2887; x_wconf 90' lang='lat' dir='ltr'>Thoas</span> <span class='ocrx_word' id='word_1_239' title='bbox 1374 2833 1448 2902; x_wconf 89' lang='lat' dir='ltr'>apud</span> 
     </span>
     <span class='ocr_line' id='line_1_28' title="bbox 296 2903 1449 2976; baseline 0.002 -18"><span class='ocrx_word' id='word_1_240' title='bbox 296 2903 433 2975; x_wconf 87' lang='lat' dir='ltr'>Caria(m)</span> <span class='ocrx_word' id='word_1_241' title='bbox 446 2912 565 2959; x_wconf 90' lang='lat' dir='ltr'>uenator</span> <span class='ocrx_word' id='word_1_242' title='bbox 582 2911 665 2974; x_wconf 89' lang='lat' dir='ltr'>caput</span> <span class='ocrx_word' id='word_1_243' title='bbox 683 2905 773 2972; x_wconf 84' lang='lat' dir='ltr'>magni</span> <span class='ocrx_word' id='word_1_244' title='bbox 792 2905 850 2973; x_wconf 88' lang='lat' dir='ltr'>apri</span> <span class='ocrx_word' id='word_1_245' title='bbox 868 2921 952 2974; x_wconf 89' lang='lat' dir='ltr'>quem</span> <span class='ocrx_word' id='word_1_246' title='bbox 971 2905 1148 2960; x_wconf 85' lang='lat' dir='ltr'>interiecerat</span> <span class='ocrx_word' id='word_1_247' title='bbox 1165 2921 1247 2974; x_wconf 85' lang='lat' dir='ltr'>super</span> <span class='ocrx_word' id='word_1_248' title='bbox 1263 2904 1391 2960; x_wconf 88' lang='lat' dir='ltr'>arborem</span> <span class='ocrx_word' id='word_1_249' title='bbox 1405 2905 1449 2976; x_wconf 87' lang='lat' dir='ltr'>(·e</span> 
     </span>
     <span class='ocr_line' id='line_1_29' title="bbox 297 2973 1449 3046; baseline -0.002 -15"><span class='ocrx_word' id='word_1_250' title='bbox 297 2975 375 3045; x_wconf 80' lang='lat' dir='ltr'>Asi.)</span> <span class='ocrx_word' id='word_1_251' title='bbox 389 2977 479 3046; x_wconf 89' lang='lat' dir='ltr'>posuit</span> <span class='ocrx_word' id='word_1_252' title='bbox 498 2975 650 3046; x_wconf 88' lang='lat' dir='ltr'>(suspendit</span> <span class='ocrx_word' id='word_1_253' title='bbox 663 2973 742 3044; x_wconf 83' lang='lat' dir='ltr'>Asi.)</span> <span class='ocrx_word' id='word_1_254' title='bbox 756 2981 786 3029; x_wconf 92' lang='lat' dir='ltr'>et</span> <span class='ocrx_word' id='word_1_255' title='bbox 803 2977 955 3030; x_wconf 88' lang='lat' dir='ltr'>insolenter</span> <span class='ocrx_word' id='word_1_256' title='bbox 972 2977 1000 3030; x_wconf 93' lang='lat' dir='ltr'>in</span> <span class='ocrx_word' id='word_1_257' title='bbox 1020 2977 1137 3046; x_wconf 88' lang='lat' dir='ltr'>dyanam</span> <span class='ocrx_word' id='word_1_258' title='bbox 1155 2977 1263 3030; x_wconf 90' lang='lat' dir='ltr'>locutus</span> <span class='ocrx_word' id='word_1_259' title='bbox 1280 2976 1330 3029; x_wconf 89' lang='lat' dir='ltr'>sub</span> <span class='ocrx_word' id='word_1_260' title='bbox 1348 2975 1449 3030; x_wconf 85' lang='lat' dir='ltr'>eadem</span> 
     </span>
     <span class='ocr_line' id='line_1_30' title="bbox 296 3046 1449 3118; baseline -0.003 -17"><span class='ocrx_word' id='word_1_261' title='bbox 296 3048 396 3102; x_wconf 89' lang='lat' dir='ltr'>arbore</span> <span class='ocrx_word' id='word_1_262' title='bbox 408 3046 543 3114; x_wconf 90' lang='lat' dir='ltr'>recubuit,</span> <span class='ocrx_word' id='word_1_263' title='bbox 556 3046 658 3116; x_wconf 89' lang='lat' dir='ltr'>ubique</span> <span class='ocrx_word' id='word_1_264' title='bbox 672 3047 777 3118; x_wconf 88' lang='lat' dir='ltr'>(ibique</span> <span class='ocrx_word' id='word_1_265' title='bbox 790 3048 868 3116; x_wconf 84' lang='lat' dir='ltr'>Ask.)</span> <span class='ocrx_word' id='word_1_266' title='bbox 881 3063 1038 3116; x_wconf 81' lang='lat' dir='ltr'>supereum</span> <span class='ocrx_word' id='word_1_267' title='bbox 1056 3047 1239 3102; x_wconf 88' lang='lat' dir='ltr'>dormientem</span> <span class='ocrx_word' id='word_1_268' title='bbox 1252 3052 1334 3115; x_wconf 90' lang='lat' dir='ltr'>caput</span> <span class='ocrx_word' id='word_1_269' title='bbox 1346 3046 1449 3099; x_wconf 87' lang='lat' dir='ltr'>cecidit</span> 
     </span>
     <span class='ocr_line' id='line_1_31' title="bbox 298 3117 1452 3188; baseline 0 -16"><span class='ocrx_word' id='word_1_270' title='bbox 298 3124 327 3172; x_wconf 90' lang='lat' dir='ltr'>et</span> <span class='ocrx_word' id='word_1_271' title='bbox 337 3117 449 3172; x_wconf 90' lang='lat' dir='ltr'>occidit.</span> <span class='ocrx_word' id='word_1_272' title='bbox 477 3119 534 3172; x_wconf 86' lang='lat' dir='ltr'>Cod.</span> <span class='ocrx_word' id='word_1_273' title='bbox 546 3119 684 3188; x_wconf 84' lang='lat' dir='ltr'>Salaagnii</span> <span class='ocrx_word' id='word_1_274' title='bbox 696 3119 785 3172; x_wconf 84' lang='lat' dir='ltr'>habuit</span> <span class='ocrx_word' id='word_1_275' title='bbox 812 3118 1038 3185; x_wconf 82' lang='lat' dir='ltr'>InAndragatbia</span> <span class='ocrx_word' id='word_1_276' title='bbox 1050 3119 1162 3185; x_wconf 86' lang='lat' dir='ltr'>regione</span> <span class='ocrx_word' id='word_1_277' title='bbox 1174 3123 1291 3171; x_wconf 89' lang='lat' dir='ltr'>uenator</span> <span class='ocrx_word' id='word_1_278' title='bbox 1300 3119 1374 3175; x_wconf 85' lang='grc' dir='ltr'><strong>κ.τ.λ.</strong></span> <span class='ocrx_word' id='word_1_279' title='bbox 1385 3117 1452 3186; x_wconf 84' lang='lat' dir='ltr'>quod</span> 
     </span>
     <span class='ocr_line' id='line_1_32' title="bbox 296 3187 1450 3259; baseline -0.002 -16"><span class='ocrx_word' id='word_1_280' title='bbox 296 3210 328 3244; x_wconf 83' lang='lat' dir='ltr'>ex</span> <span class='ocrx_word' id='word_1_281' title='bbox 340 3189 450 3242; x_wconf 86' lang='lat' dir='ltr'>Diodori</span> <span class='ocrx_word' id='word_1_282' title='bbox 461 3188 544 3242; x_wconf 83' lang='lat' dir='ltr'>uerbis</span> <span class='ocrx_word' id='word_1_283' title='bbox 557 3190 665 3258; x_wconf 84' lang='grc' dir='ltr'>κυνηγὸν</span> <span class='ocrx_word' id='word_1_284' title='bbox 676 3188 705 3242; x_wconf 74' lang='grc' dir='ltr'>ἐν</span> <span class='ocrx_word' id='word_1_285' title='bbox 721 3191 775 3243; x_wconf 75' lang='grc' dir='ltr'>τοῖς</span> <span class='ocrx_word' id='word_1_286' title='bbox 788 3189 850 3242; x_wconf 82' lang='grc' dir='ltr'>κατὰ</span> <span class='ocrx_word' id='word_1_287' title='bbox 863 3188 910 3257; x_wconf 82' lang='grc' dir='ltr'>τὴν</span> <span class='ocrx_word' id='word_1_288' title='bbox 923 3188 1003 3259; x_wconf 75' lang='grc' dir='ltr'>θήραν</span> <span class='ocrx_word' id='word_1_289' title='bbox 1012 3187 1228 3259; x_wconf 55' lang='grc' dir='ltr'>’ἀνδραγαθήμασι</span> <span class='ocrx_word' id='word_1_290' title='bbox 1241 3188 1450 3257; x_wconf 79' lang='grc' dir='ltr'>διωνομασμένον</span> 
     </span>
     <span class='ocr_line' id='line_1_33' title="bbox 298 3258 1449 3330; baseline -0.003 -16"><span class='ocrx_word' id='word_1_291' title='bbox 298 3259 366 3314; x_wconf 90' lang='lat' dir='ltr'>male</span> <span class='ocrx_word' id='word_1_292' title='bbox 381 3258 510 3313; x_wconf 80' lang='lat' dir='ltr'>intellectis</span> <span class='ocrx_word' id='word_1_293' title='bbox 518 3258 630 3327; x_wconf 78' lang='lat' dir='ltr'>finxisse</span> <span class='ocrx_word' id='word_1_294' title='bbox 642 3260 690 3312; x_wconf 87' lang='lat' dir='ltr'>sibi</span> <span class='ocrx_word' id='word_1_295' title='bbox 702 3259 868 3314; x_wconf 82' lang='lat' dir='ltr'>scholiastam</span> <span class='ocrx_word' id='word_1_296' title='bbox 914 3261 1011 3330; x_wconf 84' lang='lat' dir='ltr'>rspexit</span> <span class='ocrx_word' id='word_1_297' title='bbox 1021 3261 1172 3314; x_wconf 81' lang='lat' dir='ltr'>Ehwaldas</span> <span class='ocrx_word' id='word_1_298' title='bbox 1188 3271 1214 3330; x_wconf 88' lang='lat' dir='ltr'>p.</span> <span class='ocrx_word' id='word_1_299' title='bbox 1229 3278 1261 3328; x_wconf 90' lang='lat'>9,·</span> <span class='ocrx_word' id='word_1_300' title='bbox 1284 3261 1386 3314; x_wconf 84' lang='lat' dir='ltr'>eundem</span> <span class='ocrx_word' id='word_1_301' title='bbox 1403 3279 1449 3328; x_wconf 83' lang='lat' dir='ltr'>ego</span> 
     </span>
     <span class='ocr_line' id='line_1_34' title="bbox 297 3330 1449 3399; baseline -0.002 -15"><span class='ocrx_word' id='word_1_302' title='bbox 297 3350 411 3385; x_wconf 86' lang='lat' dir='ltr'>errarem</span> <span class='ocrx_word' id='word_1_303' title='bbox 428 3332 454 3384; x_wconf 92' lang='lat' dir='ltr'>in</span> <span class='ocrx_word' id='word_1_304' title='bbox 468 3331 590 3384; x_wconf 84' lang='lat' dir='ltr'>Vaticano</span> <span class='ocrx_word' id='word_1_305' title='bbox 606 3331 750 3399; x_wconf 56' lang='lat' dir='ltr'>aegaeo-1</span> <span class='ocrx_word' id='word_1_306' title='bbox 769 3331 853 3384; x_wconf 86' lang='lat' dir='ltr'>inueni</span> <span class='ocrx_word' id='word_1_307' title='bbox 890 3330 961 3383; x_wconf 89' lang='lat' dir='ltr'>uisse</span> <span class='ocrx_word' id='word_1_308' title='bbox 980 3331 1075 3384; x_wconf 88' lang='lat' dir='ltr'>scribit</span> <span class='ocrx_word' id='word_1_309' title='bbox 1091 3331 1165 3384; x_wconf 93' lang='lat' dir='ltr'>hunc</span> <span class='ocrx_word' id='word_1_310' title='bbox 1178 3330 1318 3384; x_wconf 91' lang='lat' dir='ltr'>Diodorus</span> <span class='ocrx_word' id='word_1_311' title='bbox 1336 3330 1365 3383; x_wconf 93' lang='lat' dir='ltr'>in</span> <span class='ocrx_word' id='word_1_312' title='bbox 1381 3345 1449 3397; x_wconf 86' lang='lat' dir='ltr'>agro</span> 
     </span>
     <span class='ocr_line' id='line_1_35' title="bbox 298 3401 1450 3470; baseline 0 -16"><span class='ocrx_word' id='word_1_313' title='bbox 298 3401 549 3455; x_wconf 87' lang='lat' dir='ltr'>Possidoniatarum</span> <span class='ocrx_word' id='word_1_314' title='bbox 570 3401 599 3453; x_wconf 90' lang='lat' dir='ltr'>in</span> <span class='ocrx_word' id='word_1_315' title='bbox 617 3401 729 3468; x_wconf 83' lang='lat' dir='ltr'>regione</span> <span class='ocrx_word' id='word_1_316' title='bbox 748 3416 819 3470; x_wconf 90' lang='lat' dir='ltr'>quae</span> <span class='ocrx_word' id='word_1_317' title='bbox 840 3401 941 3454; x_wconf 90' lang='lat' dir='ltr'>dicitur</span> <span class='ocrx_word' id='word_1_318' title='bbox 958 3401 1139 3468; x_wconf 82' lang='lat' dir='ltr'>anchogathia</span> <span class='ocrx_word' id='word_1_319' title='bbox 1245 3402 1346 3454; x_wconf 84' lang='lat' dir='ltr'>Mirum</span> <span class='ocrx_word' id='word_1_320' title='bbox 1364 3412 1402 3454; x_wconf 85' lang='lat' dir='ltr'>est</span> <span class='ocrx_word' id='word_1_321' title='bbox 1419 3401 1450 3454; x_wconf 86' lang='lat' dir='ltr'>de</span> 
     </span>
     <span class='ocr_line' id='line_1_36' title="bbox 298 3473 1450 3542; baseline -0.004 -14"><span class='ocrx_word' id='word_1_322' title='bbox 298 3474 398 3540; x_wconf 86' lang='lat' dir='ltr'>regione</span> <span class='ocrx_word' id='word_1_323' title='bbox 414 3491 496 3525; x_wconf 88' lang='lat' dir='ltr'>amnes</span> <span class='ocrx_word' id='word_1_324' title='bbox 511 3491 614 3525; x_wconf 88' lang='lat' dir='ltr'>errasse</span> <span class='ocrx_word' id='word_1_325' title='bbox 626 3481 734 3542; x_wconf 82' lang='lat' dir='ltr'>praeter</span> <span class='ocrx_word' id='word_1_326' title='bbox 749 3491 826 3525; x_wconf 78' lang='lat' dir='ltr'>anam</span> <span class='ocrx_word' id='word_1_327' title='bbox 841 3473 935 3541; x_wconf 86' lang='lat' dir='ltr'>Mure,·</span> <span class='ocrx_word' id='word_1_328' title='bbox 958 3492 1020 3526; x_wconf 88' lang='lat' dir='ltr'>nam</span> <span class='ocrx_word' id='word_1_329' title='bbox 1033 3475 1167 3529; x_wconf 83' lang='lat' dir='ltr'>Posidonia</span> <span class='ocrx_word' id='word_1_330' title='bbox 1184 3475 1237 3528; x_wconf 84' lang='lat' dir='ltr'>siae</span> <span class='ocrx_word' id='word_1_331' title='bbox 1247 3476 1370 3526; x_wconf 86' lang='lat' dir='ltr'>Paestum</span> <span class='ocrx_word' id='word_1_332' title='bbox 1386 3473 1450 3527; x_wconf 83' lang='lat' dir='ltr'>urbs</span> 
     </span>
     <span class='ocr_line' id='line_1_37' title="bbox 292 3543 1077 3613; baseline 0.003 -17"><span class='ocrx_word' id='word_1_333' title='bbox 292 3544 352 3612; x_wconf 84' lang='lat' dir='ltr'>fnit</span> <span class='ocrx_word' id='word_1_334' title='bbox 364 3543 491 3597; x_wconf 86' lang='lat' dir='ltr'>Italorum</span> <span class='ocrx_word' id='word_1_335' title='bbox 504 3544 531 3596; x_wconf 83' lang='lat' dir='ltr'>ia</span> <span class='ocrx_word' id='word_1_336' title='bbox 544 3544 665 3609; x_wconf 87' lang='lat' dir='ltr'>Lucanis,</span> <span class='ocrx_word' id='word_1_337' title='bbox 676 3554 707 3597; x_wconf 85' lang='lat' dir='ltr'>at</span> <span class='ocrx_word' id='word_1_338' title='bbox 717 3562 749 3596; x_wconf 84' lang='lat' dir='ltr'>ex</span> <span class='ocrx_word' id='word_1_339' title='bbox 761 3543 873 3597; x_wconf 82' lang='lat' dir='ltr'>Diodoro</span> <span class='ocrx_word' id='word_1_340' title='bbox 883 3545 949 3598; x_wconf 83' lang='lat' dir='ltr'>satis</span> <span class='ocrx_word' id='word_1_341' title='bbox 960 3555 1077 3613; x_wconf 83' lang='lat' dir='ltr'>apparet.</span> 
     </span>
    </p>

    <p class='ocr_par' dir='ltr' id='par_1_13' title="bbox 298 3612 1453 3966">
     <span class='ocr_line' id='line_1_38' title="bbox 337 3612 1450 3685; baseline 0.003 -20"><span class='ocrx_word' id='word_1_342' title='bbox 337 3627 398 3678; x_wconf 84' lang='lat'><strong><em>507.</em></strong></span> <span class='ocrx_word' id='word_1_343' title='bbox 416 3612 676 3667; x_wconf 87' lang='lat' dir='ltr'>berechinciadesG</span> <span class='ocrx_word' id='word_1_344' title='bbox 738 3613 925 3669; x_wconf 84' lang='lat' dir='ltr'>berinthiusC</span> <span class='ocrx_word' id='word_1_345' title='bbox 987 3614 1126 3668; x_wconf 86' lang='lat' dir='ltr'>archonC</span> <span class='ocrx_word' id='word_1_346' title='bbox 1188 3614 1325 3685; x_wconf 85' lang='lat' dir='ltr'>dynamC</span> <span class='ocrx_word' id='word_1_347' title='bbox 1385 3613 1450 3679; x_wconf 89' lang='lat' dir='ltr'>quia</span> 
     </span>
     <span class='ocr_line' id='line_1_39' title="bbox 300 3683 1450 3754; baseline -0.003 -16"><span class='ocrx_word' id='word_1_348' title='bbox 300 3690 329 3738; x_wconf 87' lang='lat' dir='ltr'>et</span> <span class='ocrx_word' id='word_1_349' title='bbox 343 3686 366 3740; x_wconf 85' lang='lat' dir='ltr'><strong><em>G</em></strong></span> <span class='ocrx_word' id='word_1_350' title='bbox 422 3685 506 3738; x_wconf 86' lang='lat' dir='ltr'>Paulo</span> <span class='ocrx_word' id='word_1_351' title='bbox 518 3685 595 3738; x_wconf 89' lang='lat' dir='ltr'>aliter</span> <span class='ocrx_word' id='word_1_352' title='bbox 607 3686 673 3737; x_wconf 79' lang='lat' dir='ltr'>Asi.</span> <span class='ocrx_word' id='word_1_353' title='bbox 686 3685 761 3737; x_wconf 85' lang='lat' dir='ltr'>Aten</span> <span class='ocrx_word' id='word_1_354' title='bbox 773 3683 842 3737; x_wconf 89' lang='lat' dir='ltr'>filius</span> <span class='ocrx_word' id='word_1_355' title='bbox 853 3684 971 3738; x_wconf 88' lang='lat' dir='ltr'>berentii</span> <span class='ocrx_word' id='word_1_356' title='bbox 983 3685 1011 3737; x_wconf 93' lang='lat' dir='ltr'>in</span> <span class='ocrx_word' id='word_1_357' title='bbox 1024 3685 1136 3754; x_wconf 84' lang='lat' dir='ltr'>phrygia</span> <span class='ocrx_word' id='word_1_358' title='bbox 1144 3691 1263 3739; x_wconf 89' lang='lat' dir='ltr'>uenator</span> <span class='ocrx_word' id='word_1_359' title='bbox 1273 3685 1338 3754; x_wconf 90' lang='lat' dir='ltr'>quia</span> <span class='ocrx_word' id='word_1_360' title='bbox 1350 3689 1379 3736; x_wconf 91' lang='lat' dir='ltr'>et</span> <span class='ocrx_word' id='word_1_361' title='bbox 1393 3685 1450 3750; x_wconf 89' lang='lat' dir='ltr'>ipse</span> 
     </span>
     <span class='ocr_line' id='line_1_40' title="bbox 301 3754 1453 3826; baseline -0.001 -17"><span class='ocrx_word' id='word_1_362' title='bbox 301 3757 350 3810; x_wconf 88' lang='lat' dir='ltr'>ins.</span> <span class='ocrx_word' id='word_1_363' title='bbox 369 3755 421 3810; x_wconf 90' lang='lat' dir='ltr'>loc.</span> <span class='ocrx_word' id='word_1_364' title='bbox 439 3760 481 3809; x_wconf 90' lang='lat' dir='ltr'>est</span> <span class='ocrx_word' id='word_1_365' title='bbox 500 3756 528 3808; x_wconf 91' lang='lat' dir='ltr'>in</span> <span class='ocrx_word' id='word_1_366' title='bbox 546 3754 655 3808; x_wconf 90' lang='lat' dir='ltr'>dianam</span> <span class='ocrx_word' id='word_1_367' title='bbox 674 3756 747 3810; x_wconf 87' lang='grc' dir='ltr'><strong>κ.τ.λ.</strong></span> <span class='ocrx_word' id='word_1_368' title='bbox 787 3757 890 3809; x_wconf 85' lang='lat' dir='ltr'>Similia</span> <span class='ocrx_word' id='word_1_369' title='bbox 908 3769 950 3826; x_wconf 87' lang='lat' dir='ltr'>ap.</span> <span class='ocrx_word' id='word_1_370' title='bbox 963 3757 1075 3826; x_wconf 50' lang='lat' dir='ltr'>Mare-s.</span> <span class='ocrx_word' id='word_1_371' title='bbox 1089 3775 1114 3810; x_wconf 90' lang='lat' dir='ltr'>a.</span> <span class='ocrx_word' id='word_1_372' title='bbox 1132 3756 1211 3809; x_wconf 86' lang='lat' dir='ltr'>Athis</span> <span class='ocrx_word' id='word_1_373' title='bbox 1228 3767 1251 3810; x_wconf 86' lang='lat' dir='ltr'>et</span> <span class='ocrx_word' id='word_1_374' title='bbox 1267 3758 1293 3810; x_wconf 90' lang='lat' dir='ltr'>in</span> <span class='ocrx_word' id='word_1_375' title='bbox 1310 3757 1341 3809; x_wconf 89' lang='lat' dir='ltr'>P.</span> <span class='ocrx_word' id='word_1_376' title='bbox 1378 3754 1453 3824; x_wconf 78' lang='lat' dir='ltr'>Quod</span> 
     </span>
     <span class='ocr_line' id='line_1_41' title="bbox 301 3825 1451 3896; baseline 0 -16"><span class='ocrx_word' id='word_1_377' title='bbox 301 3829 450 3894; x_wconf 62' lang='lat' dir='ltr'>Berenrntus</span> <span class='ocrx_word' id='word_1_378' title='bbox 468 3828 495 3880; x_wconf 89' lang='lat' dir='ltr'>in</span> <span class='ocrx_word' id='word_1_379' title='bbox 512 3827 552 3878; x_wconf 87' lang='lat' dir='ltr'>his</span> <span class='ocrx_word' id='word_1_380' title='bbox 570 3826 655 3880; x_wconf 88' lang='lat' dir='ltr'>insula</span> <span class='ocrx_word' id='word_1_381' title='bbox 672 3827 765 3880; x_wconf 84' lang='lat' dir='ltr'>dicitur</span> <span class='ocrx_word' id='word_1_382' title='bbox 781 3828 818 3880; x_wconf 88' lang='lat' dir='ltr'>ad</span> <span class='ocrx_word' id='word_1_383' title='bbox 832 3828 989 3896; x_wconf 84' lang='lat' dir='ltr'>Sangarium</span> <span class='ocrx_word' id='word_1_384' title='bbox 998 3829 1118 3895; x_wconf 86' lang='lat' dir='ltr'>fortasse</span> <span class='ocrx_word' id='word_1_385' title='bbox 1136 3831 1265 3895; x_wconf 84' lang='lat' dir='ltr'>refertar,·</span> <span class='ocrx_word' id='word_1_386' title='bbox 1289 3827 1333 3882; x_wconf 84' lang='lat' dir='ltr'>sed</span> <span class='ocrx_word' id='word_1_387' title='bbox 1349 3825 1451 3880; x_wconf 83' lang='lat' dir='ltr'>uidetur</span> 
     </span>
     <span class='ocr_line' id='line_1_42' title="bbox 298 3897 1192 3966; baseline -0.004 -11"><span class='ocrx_word' id='word_1_388' title='bbox 298 3916 403 3955; x_wconf 79' lang='lat' dir='ltr'>rrrasse</span> <span class='ocrx_word' id='word_1_389' title='bbox 413 3897 553 3950; x_wconf 88' lang='lat' dir='ltr'>scholiasta</span> <span class='ocrx_word' id='word_1_390' title='bbox 565 3897 630 3966; x_wconf 82' lang='lat' dir='ltr'>qaod</span> <span class='ocrx_word' id='word_1_391' title='bbox 637 3898 715 3950; x_wconf 87' lang='lat' dir='ltr'>Attin</span> <span class='ocrx_word' id='word_1_392' title='bbox 726 3899 756 3950; x_wconf 86' lang='lat' dir='ltr'>de</span> <span class='ocrx_word' id='word_1_393' title='bbox 768 3899 859 3952; x_wconf 87' lang='lat' dir='ltr'>Diana</span> <span class='ocrx_word' id='word_1_394' title='bbox 871 3899 1071 3952; x_wconf 81' lang='lat' dir='ltr'>maledicentem</span> <span class='ocrx_word' id='word_1_395' title='bbox 1083 3899 1192 3954; x_wconf 69' lang='lat' dir='ltr'>induxit.</span> 
     </span>
    </p>

    <p class='ocr_par' dir='ltr' id='par_1_14' title="bbox 296 3965 1453 4238">
     <span class='ocr_line' id='line_1_43' title="bbox 338 3965 1453 4037; baseline 0.001 -17"><span class='ocrx_word' id='word_1_396' title='bbox 338 3985 398 4034; x_wconf 83' lang='lat'><strong><em>509.</em></strong></span> <span class='ocrx_word' id='word_1_397' title='bbox 420 3967 567 4021; x_wconf 85' lang='lat' dir='ltr'>cochireG</span> <span class='ocrx_word' id='word_1_398' title='bbox 633 3967 753 4022; x_wconf 89' lang='lat' dir='ltr'>cochirei</span> <span class='ocrx_word' id='word_1_399' title='bbox 768 3969 841 4022; x_wconf 82' lang='lat' dir='ltr'>Gbis</span> <span class='ocrx_word' id='word_1_400' title='bbox 905 3968 1076 4023; x_wconf 88' lang='lat' dir='ltr'>circensesG</span> <span class='ocrx_word' id='word_1_401' title='bbox 1138 3969 1244 4022; x_wconf 90' lang='lat' dir='ltr'>nunciis</span> <span class='ocrx_word' id='word_1_402' title='bbox 1252 3980 1300 4037; x_wconf 86' lang='lat' dir='ltr'>pro</span> <span class='ocrx_word' id='word_1_403' title='bbox 1312 3965 1453 4021; x_wconf 87' lang='lat' dir='ltr'>MinoisG</span> 
     </span>
     <span class='ocr_line' id='line_1_44' title="bbox 301 4037 1451 4108; baseline 0.002 -16"><span class='ocrx_word' id='word_1_404' title='bbox 301 4040 457 4093; x_wconf 84' lang='lat' dir='ltr'>ossaam.G</span> <span class='ocrx_word' id='word_1_405' title='bbox 525 4037 647 4091; x_wconf 89' lang='lat' dir='ltr'>minasC</span> <span class='ocrx_word' id='word_1_406' title='bbox 715 4039 824 4092; x_wconf 89' lang='lat' dir='ltr'>ueniret</span> <span class='ocrx_word' id='word_1_407' title='bbox 835 4039 1081 4108; x_wconf 74' lang='lat' dir='ltr'>suspendereturc</span> <span class='ocrx_word' id='word_1_408' title='bbox 1147 4045 1180 4092; x_wconf 94' lang='lat' dir='ltr'>ut</span> <span class='ocrx_word' id='word_1_409' title='bbox 1191 4041 1231 4093; x_wconf 90' lang='lat' dir='ltr'>ait</span> <span class='ocrx_word' id='word_1_410' title='bbox 1244 4039 1388 4092; x_wconf 89' lang='lat' dir='ltr'>Menestro</span> <span class='ocrx_word' id='word_1_411' title='bbox 1400 4058 1451 4094; x_wconf 84' lang='lat' dir='ltr'>om.</span> 
     </span>
     <span class='ocr_line' id='line_1_45' title="bbox 299 4107 1451 4181; baseline 0 -17"><span class='ocrx_word' id='word_1_412' title='bbox 299 4111 369 4164; x_wconf 79' lang='lat' dir='ltr'>Ast.</span> <span class='ocrx_word' id='word_1_413' title='bbox 425 4107 750 4178; x_wconf 73' lang='lat' dir='ltr'>Menestr01Mmephr0?</span> <span class='ocrx_word' id='word_1_414' title='bbox 768 4111 964 4166; x_wconf 74' lang='lat' dir='ltr'>anitenessor?</span> <span class='ocrx_word' id='word_1_415' title='bbox 994 4112 1095 4165; x_wconf 86' lang='lat' dir='ltr'>Similia</span> <span class='ocrx_word' id='word_1_416' title='bbox 1107 4124 1150 4181; x_wconf 87' lang='lat' dir='ltr'>ap.</span> <span class='ocrx_word' id='word_1_417' title='bbox 1162 4111 1240 4166; x_wconf 83' lang='lat' dir='ltr'>Mure</span> <span class='ocrx_word' id='word_1_418' title='bbox 1251 4131 1273 4165; x_wconf 90' lang='lat' dir='ltr'>s.</span> <span class='ocrx_word' id='word_1_419' title='bbox 1286 4129 1311 4164; x_wconf 88' lang='lat' dir='ltr'>u.</span> <span class='ocrx_word' id='word_1_420' title='bbox 1323 4110 1451 4164; x_wconf 86' lang='lat' dir='ltr'>Cretenses</span> 
     </span>
     <span class='ocr_line' id='line_1_46' title="bbox 296 4183 406 4238; baseline -0.018 0"><span class='ocrx_word' id='word_1_421' title='bbox 296 4193 323 4238; x_wconf 67' lang='lat' dir='ltr'>ll</span> <span class='ocrx_word' id='word_1_422' title='bbox 335 4183 362 4234; x_wconf 73' lang='lat' dir='ltr'>ln</span> <span class='ocrx_word' id='word_1_423' title='bbox 374 4183 406 4236; x_wconf 73' lang='lat' dir='ltr'>P·</span> 
     </span>
    </p>

    <p class='ocr_par' dir='ltr' id='par_1_15' title="bbox 300 4250 1451 4606">
     <span class='ocr_line' id='line_1_47' title="bbox 338 4250 1451 4322; baseline 0.002 -19"><span class='ocrx_word' id='word_1_424' title='bbox 338 4268 399 4316; x_wconf 87' lang='lat'>511.</span> <span class='ocrx_word' id='word_1_425' title='bbox 418 4250 535 4304; x_wconf 88' lang='lat' dir='ltr'>Historia</span> <span class='ocrx_word' id='word_1_426' title='bbox 543 4250 646 4319; x_wconf 78' lang='lat' dir='ltr'>ficticia</span> <span class='ocrx_word' id='word_1_427' title='bbox 663 4269 741 4319; x_wconf 80' lang='lat' dir='ltr'>quam</span> <span class='ocrx_word' id='word_1_428' title='bbox 756 4253 834 4321; x_wconf 79' lang='lat' dir='ltr'>pudes</span> <span class='ocrx_word' id='word_1_429' title='bbox 851 4252 951 4306; x_wconf 81' lang='lat' dir='ltr'>scholiis</span> <span class='ocrx_word' id='word_1_430' title='bbox 969 4252 1067 4320; x_wconf 80' lang='lat' dir='ltr'>inferre</span> <span class='ocrx_word' id='word_1_431' title='bbox 1109 4251 1173 4322; x_wconf 86' lang='lat' dir='ltr'>eius]</span> <span class='ocrx_word' id='word_1_432' title='bbox 1187 4268 1235 4306; x_wconf 89' lang='lat' dir='ltr'>sua</span> <span class='ocrx_word' id='word_1_433' title='bbox 1249 4254 1272 4307; x_wconf 92' lang='lat' dir='ltr'><strong><em>G</em></strong></span> <span class='ocrx_word' id='word_1_434' title='bbox 1315 4253 1371 4306; x_wconf 89' lang='lat' dir='ltr'>Cet</span> <span class='ocrx_word' id='word_1_435' title='bbox 1383 4251 1451 4305; x_wconf 73' lang='lat' dir='ltr'>Ast.</span> 
     </span>
     <span class='ocr_line' id='line_1_48' title="bbox 301 4320 1451 4392; baseline -0.004 -13"><span class='ocrx_word' id='word_1_436' title='bbox 301 4322 394 4379; x_wconf 84' lang='lat' dir='ltr'>habent</span> <span class='ocrx_word' id='word_1_437' title='bbox 407 4321 505 4374; x_wconf 90' lang='lat' dir='ltr'>Lorios</span> <span class='ocrx_word' id='word_1_438' title='bbox 521 4321 600 4374; x_wconf 90' lang='lat' dir='ltr'>alabe</span> <span class='ocrx_word' id='word_1_439' title='bbox 615 4320 669 4375; x_wconf 89' lang='lat' dir='ltr'>filia</span> <span class='ocrx_word' id='word_1_440' title='bbox 686 4320 792 4392; x_wconf 89' lang='lat' dir='ltr'>[alebes</span> <span class='ocrx_word' id='word_1_441' title='bbox 804 4321 882 4392; x_wconf 70' lang='lat' dir='ltr'>Anti]</span> <span class='ocrx_word' id='word_1_442' title='bbox 900 4338 964 4377; x_wconf 87' lang='lat' dir='ltr'>curn</span> <span class='ocrx_word' id='word_1_443' title='bbox 983 4323 1086 4377; x_wconf 88' lang='lat' dir='ltr'>littoria</span> <span class='ocrx_word' id='word_1_444' title='bbox 1104 4321 1227 4392; x_wconf 92' lang='lat' dir='ltr'>[licoride</span> <span class='ocrx_word' id='word_1_445' title='bbox 1240 4321 1317 4392; x_wconf 87' lang='lat' dir='ltr'>Ask.]</span> <span class='ocrx_word' id='word_1_446' title='bbox 1332 4322 1385 4375; x_wconf 86' lang='lat' dir='ltr'>filia</span> <span class='ocrx_word' id='word_1_447' title='bbox 1402 4337 1451 4374; x_wconf 88' lang='lat' dir='ltr'>sua</span> 
     </span>
     <span class='ocr_line' id='line_1_49' title="bbox 302 4390 1451 4464; baseline -0.002 -18"><span class='ocrx_word' id='word_1_448' title='bbox 302 4393 369 4446; x_wconf 91' lang='lat' dir='ltr'>dum</span> <span class='ocrx_word' id='word_1_449' title='bbox 385 4391 497 4444; x_wconf 89' lang='lat' dir='ltr'>domum</span> <span class='ocrx_word' id='word_1_450' title='bbox 510 4392 626 4446; x_wconf 89' lang='lat' dir='ltr'>intraret</span> <span class='ocrx_word' id='word_1_451' title='bbox 638 4392 721 4446; x_wconf 90' lang='lat' dir='ltr'>domo</span> <span class='ocrx_word' id='word_1_452' title='bbox 734 4392 851 4448; x_wconf 88' lang='lat' dir='ltr'>cadente</span> <span class='ocrx_word' id='word_1_453' title='bbox 863 4395 945 4462; x_wconf 89' lang='lat' dir='ltr'>periit</span> <span class='ocrx_word' id='word_1_454' title='bbox 962 4400 991 4448; x_wconf 90' lang='lat' dir='ltr'>et</span> <span class='ocrx_word' id='word_1_455' title='bbox 1005 4393 1112 4464; x_wconf 87' lang='lat' dir='ltr'>[aliquis</span> <span class='ocrx_word' id='word_1_456' title='bbox 1124 4394 1308 4464; x_wconf 82' lang='lat' dir='ltr'>prothegenes</span> <span class='ocrx_word' id='word_1_457' title='bbox 1319 4408 1402 4462; x_wconf 90' lang='lat' dir='ltr'>quem</span> <span class='ocrx_word' id='word_1_458' title='bbox 1415 4390 1451 4444; x_wconf 90' lang='lat' dir='ltr'>ad</span> 
     </span>
     <span class='ocr_line' id='line_1_50' title="bbox 303 4460 1450 4533; baseline -0.001 -17"><span class='ocrx_word' id='word_1_459' title='bbox 303 4460 462 4516; x_wconf 89' lang='lat' dir='ltr'>conuiuium</span> <span class='ocrx_word' id='word_1_460' title='bbox 471 4478 550 4516; x_wconf 90' lang='lat' dir='ltr'>suum</span> <span class='ocrx_word' id='word_1_461' title='bbox 559 4462 729 4533; x_wconf 75' lang='lat' dir='ltr'>inritauerat]</span> <span class='ocrx_word' id='word_1_462' title='bbox 738 4465 802 4533; x_wconf 90' lang='lat' dir='ltr'>quia</span> <span class='ocrx_word' id='word_1_463' title='bbox 812 4465 933 4530; x_wconf 80' lang='lat' dir='ltr'>eiusdem</span> <span class='ocrx_word' id='word_1_464' title='bbox 943 4465 995 4519; x_wconf 86' lang='lat' dir='ltr'>fuit</span> <span class='ocrx_word' id='word_1_465' title='bbox 1003 4482 1067 4519; x_wconf 92' lang='lat' dir='ltr'>cum</span> <span class='ocrx_word' id='word_1_466' title='bbox 1076 4465 1138 4520; x_wconf 92' lang='lat' dir='ltr'>uiro</span> <span class='ocrx_word' id='word_1_467' title='bbox 1147 4464 1320 4520; x_wconf 88' lang='lat' dir='ltr'>aduersitatis</span> <span class='ocrx_word' id='word_1_468' title='bbox 1328 4463 1450 4517; x_wconf 90' lang='lat' dir='ltr'>eiusdem</span> 
     </span>
     <span class='ocr_line' id='line_1_51' title="bbox 300 4533 1451 4606; baseline 0.001 -19"><span class='ocrx_word' id='word_1_469' title='bbox 300 4533 406 4594; x_wconf 72' lang='lat' dir='ltr'>‚dicitur</span> <span class='ocrx_word' id='word_1_470' title='bbox 417 4548 480 4586; x_wconf 87' lang='lat' dir='ltr'>cum</span> <span class='ocrx_word' id='word_1_471' title='bbox 494 4549 528 4587; x_wconf 92' lang='lat' dir='ltr'>eo</span> <span class='ocrx_word' id='word_1_472' title='bbox 540 4533 623 4590; x_wconf 78' lang='lat' dir='ltr'>fuisse</span> <span class='ocrx_word' id='word_1_473' title='bbox 635 4535 857 4604; x_wconf 85' lang='lat' dir='ltr'>constellationis,</span> <span class='ocrx_word' id='word_1_474' title='bbox 867 4537 912 4591; x_wconf 88' lang='lat' dir='ltr'>sed</span> <span class='ocrx_word' id='word_1_475' title='bbox 923 4536 1000 4594; x_wconf 83' lang='lat' dir='ltr'>neria</span> <span class='ocrx_word' id='word_1_476' title='bbox 1013 4537 1301 4606; x_wconf 84' lang='lat' dir='ltr'>aliquis—inuitauerat</span> <span class='ocrx_word' id='word_1_477' title='bbox 1312 4536 1405 4596; x_wconf 81' lang='lat' dir='ltr'>absunt</span> <span class='ocrx_word' id='word_1_478' title='bbox 1416 4534 1451 4588; x_wconf 82' lang='lat' dir='ltr'>ab</span> 
     </span>
    </p>
   </div>
   <div class='ocr_carea' id='block_1_6' title="bbox 0 0 1680 5200">
    <p class='ocr_par' dir='ltr' id='par_1_16' title="bbox 0 0 1680 5200">
     <span class='ocr_line' id='line_1_52' title="bbox 0 0 1680 5200; baseline 0 0"><span class='ocrx_word' id='word_1_479' title='bbox 0 0 1680 5200; x_wconf 95' lang='lat' dir='ltr'> </span> 
     </span>
    </p>
   </div>
  </div>
 </body>
</html>
