3294 5214
602 478 929 540 PROLEGOMENA.
1285 479 1345 538 xliii

198 640 337 712 Fuffetio,
357 660 374 715 9
397 638 433 698 de
458 637 556 697 Icariis
581 635 720 696 Romano
740 635 839 708 altero,
865 635 955 696 altero
975 634 1099 709 Graeco,
1125 655 1161 695 10
1183 637 1220 697 de
1241 635 1345 698 Cassio

197 721 289 782 Bmto
303 739 379 798 quae
394 720 430 779 de
445 719 597 791 Pausania,
615 735 650 776 aa
666 719 703 777 de
717 718 834 777 Valeria
847 717 1056 777 Tusculanaria
1070 736 1145 794 quae
1160 719 1197 777 de
1216 719 1345 797 Myrrha,

200 823 237 875 ²4
253 803 290 862 de
304 803 338 861 L.
354 802 507 878 Thymbri,
523 800 638 870 Rustio,
659 799 762 860 Gestio
781 816 856 876 quae
875 800 912 858 de
928 799 1062 872 Hecuba,
1083 800 1239 882 Polydoro,
1260 801 1346 877 Poly·

140 939 142 942 .
198 895 335 954 mestore,
358 885 395 941 26
410 882 447 941 de
462 881 614 941 Mamerco
635 891 663 940 et
686 880 775 939 Siluia
795 899 871 957 quae
893 879 930 940 de
951 880 1102 957 Meleagro
1117 891 1146 940 et
1159 882 1290 952 Althaea,
1308 885 1345 941 28

197 967 234 1025 de
255 965 372 1042 Papirio
392 973 422 1023 et
442 963 566 1023 Canulia
587 980 662 1039 quae
681 961 718 1020 de
737 961 877 1022 Macareo
897 972 927 1021 et
948 961 1074 1033 Canace,
1098 982 1135 1037 34
1152 964 1189 1022 de
1209 963 1347 1026 Cominio

197 1065 272 1123 quae
294 1047 331 1105 de
353 1044 527 1122 Hippolyto,
552 1057 587 1119 37
611 1044 648 1103 de
669 1043 739 1102 Fab.
762 1043 936 1102 Fabriciano
956 1062 1032 1120 quae
1054 1043 1091 1103 de
1112 1045 1346 1120 Agamemnone,

199 1133 236 1203 38
252 1127 289 1187 de
303 1128 407 1186 Fauno
426 1125 578 1184 interfecto
598 1126 635 1183 ab
650 1124 778 1184 Hercule
793 1142 868 1201 quae
883 1123 921 1184 de
941 1123 1080 1193 Busiride,
1104 1145 1141 1202 39
1163 1127 1200 1185 de
1220 1126 1347 1186 Aemilio

197 1210 362 1269 Censorino
377 1217 406 1266 et
416 1207 540 1266 Aruntlo
556 1207 706 1266 Paterculo
721 1208 803 1265 aenei
818 1207 885 1283 equi
899 1215 1044 1282 repertore
1059 1225 1135 1283 quae
1150 1207 1186 1267 de
1195 1207 1348 1268 Phalaride

197 1301 227 1350 et
255 1291 361 1349 Perillo
385 1291 469 1348 aenei
496 1289 569 1347 tauri
598 1288 777 1359 fabricatore,
804 1307 842 1359 40
865 1287 901 1346 de
922 1288 1023 1346 Annio
1052 1305 1116 1348 sese
1145 1290 1175 1346 in
1201 1289 1348 1347 Anienem

197 1372 407 1450 praecipitante
421 1388 498 1447 quae
512 1371 549 1428 de
567 1369 672 1430 Eueno
692 1370 723 1427 in
742 1369 917 1446 Lycorman.
953 1369 991 1427 Et
1005 1369 1078 1428 haec
1098 1380 1127 1428 et
1145 1387 1347 1448 quaecumque

198 1454 303 1513 similia
327 1463 397 1512 tunc
421 1453 599 1527 legebantur,
624 1451 719 1528 qualia
742 1451 810 1510 dicit
835 1450 1035 1510 Artemidorus
1057 1450 1229 1510 Oneirocrit.
1249 1452 1285 1510 iv.
1309 1454 1347 1527 63

198 1536 302 1595 citatus
333 1553 351 1594 a
380 1533 530 1591 Meinelrio
562 1533 647 1591 Anal.
676 1532 760 1590 Alex.
790 1550 818 1608 p.
846 1533 903 1604 258
932 1534 993 1588 Εἰσὶ
1021 1535 1072 1607 γὰρ
1102 1537 1143 1590 καὶ
1170 1535 1240 1607 παρὰ
1267 1539 1348 1590 Λυκό-

197 1621 278 1691 φρονι
299 1618 327 1673 ἐν
348 1621 378 1687 τῇ
402 1617 560 1688 Ἀλεξάνδρᾳ
583 1619 624 1671 καί
645 1617 714 1687 παρὰ
728 1615 882 1688 ’Ἡρακλείδῃ
904 1618 941 1689 τῷ
963 1619 1079 1690 Ποντικῷ
1101 1616 1128 1670 ε’ν
1149 1619 1205 1672 ταῖς
1227 1616 1348 1687 Λίσχαις,

198 1701 239 1754 καί
258 1701 328 1772 παρὰ
341 1697 474 1772 Παρθενίῳ
494 1699 522 1751 ἐν
534 1697 682 1767 Ἐλεγείοις,
697 1697 738 1751 καί
757 1697 827 1768 παρὰ
846 1696 937 1751 ἄλλοις
957 1699 1067 1753 πολλοῖς
1087 1695 1198 1768 ίστορίαι
1219 1697 1288 1768 ξέναι
1308 1700 1350 1752 καί

197 1781 323 1852 ὅτριπτοι,
338 1779 420 1837 cuius
434 1777 549 1853 generis
563 1776 637 1836 inter
651 1776 806 1835 Romanos
820 1775 915 1834 Cinna
931 1774 1084 1851 Smyrnam
1100 1775 1228 1837 ediderat
1242 1777 1348 1836 hbnrm

198 1861 341 1919 obscurum
356 1860 421 1918 adeo
435 1866 468 1916 ut
481 1866 507 1917 ct
526 1859 655 1916 nonnulli
672 1860 730 1915 erus
748 1859 847 1916 aetatis
862 1859 1048 1933 grammatici
1058 1859 1089 1916 in
1107 1877 1167 1916 cum
1184 1859 1353 1934 scripserint

198 1959 381 2018 magnamque
400 1958 439 2000 cx
461 1943 519 1997 n'ur
542 1941 718 1998 enarratione
740 1941 801 1997 sint
821 1939 945 2015 gloriam
969 1942 1105 1997 consecuti
1122 1938 1290 2017 (Philargyr.
1311 1940 1349 1999 ad

198 2023 261 2082 Ecl.
272 2023 309 2080 ix.
322 2021 383 2100 35),
395 2022 453 2080 iam
462 2021 622 2080 innotuisse
633 2019 741 2080 Ouidio
753 2037 817 2079 reor
826 2018 916 2079 cum*
929 2019 1186 2096 Metamorphoses
1198 2022 1348 2081 scribebat.

199 2104 235 2164 Id
251 2122 327 2180 opus
342 2104 441 2176 Roma
460 2104 559 2162 exiens
578 2102 769 2178 inperfectum
788 2102 949 2178 reliquerat,
964 2112 1051 2178 atque
1071 2104 1126 2178 ι’ρςε
1143 2121 1195 2161 sua
1212 2112 1350 2179 posuerat

199 2193 318 2243 maestus
341 2186 371 2242 in
396 2187 459 2260 igne
479 2203 564 2241 manu
587 2183 688 2263 (Trist.
707 2183 723 2241 i.
749 2195 775 2257 7.
797 2185 857 2256 16),
881 2192 984 2260 postea
1005 2193 1103 2243 tamen
1125 2194 1266 2260 conperto
1287 2202 1350 2242 non

199 2285 266 2326 esse
280 2267 397 2343 penitus
419 2265 565 2324 sublatum
587 2265 640 2324 sed
658 2275 755 2324 extare
774 2265 903 2340 pluribus
925 2265 1064 2340 scriptum
1078 2265 1220 2341 exemplis
1234 2263 1284 2344 (ib.
1302 2285 1316 2324 a
1322 2285 1349 2340 3,

201 2346 262 2424 24),
276 2349 340 2424 ipse
362 2356 508 2406 seruatum
529 2347 622 2405 uoluit
643 2346 868 2423 praeposuitque
890 2364 941 2404 sex
962 2345 1026 2404 illos
1048 2364 1149 2404 uersus
1171 2346 1271 2424 (Trist.
1286 2348 1304 2405 i.
1323 2359 1347 2421 η.

201 2431 314 2505 35-40)
334 2427 412 2486 Orba
429 2435 544 2503 parente
557 2447 606 2485 nco
619 2429 780 2503 quicumque
798 2429 942 2484 uolumina
955 2429 1058 2504 tungri,
1071 2427 1132 2486 His
1147 2430 1242 2506 saltem
1257 2435 1351 2487 uestra

199 2512 324 2569 daturin
342 2510 410 2568 urbe
431 2511 513 2567 locus.
559 2508 669 2584 Quoque
685 2511 777 2586 magis
785 2509 904 2585 faueas,
919 2527 973 2566 non
991 2509 1057 2566 haec
1075 2515 1143 2566 sunt
1157 2511 1230 2567 edita
1243 2510 1278 2568 ab
1292 2512 1351 2581 illo,

200 2592 259 2652 Sed
269 2593 354 2667 quari
364 2592 395 2648 ale
408 2591 516 2649 domini
522 2592 630 2669 funere
644 2597 727 2666 rapta
740 2592 793 2648 sui.
838 2589 984 2665 Quidquid
994 2592 1024 2648 in
1038 2591 1083 2648 hir
1100 2591 1190 2665 rgitm
1203 2591 1271 2649 uitii
1280 2593 1350 2649 rude

198 2692 309 2732 carmen
326 2671 441 2743 habebit,
456 2671 676 2743 Emendaturur,
690 2673 859 2742 reticuisset,
872 2689 960 2729 cram.
1002 2671 1060 2730 His
1077 2672 1238 2731 intexuerat
1255 2690 1349 2750 prope

199 2772 304 2814 omnes
318 2752 430 2812 fabulas
444 2771 520 2829 qnae
535 2754 566 2810 in
577 2752 660 2812 Ibide
674 2754 864 2829 reperiuntur,
878 2752 957 2812 unde
972 2770 1034 2812 non
1048 2770 1114 2813 raro
1128 2752 1238 2813 eisdem
1251 2755 1349 2814 uerbis

199 2835 321 2895 eaedem
335 2835 366 2893 in
380 2835 522 2893 ambabus
536 2843 694 2894 recurmnt.
723 2834 788 2894 Has
801 2835 832 2891 in
842 2833 909 2892 lbin
923 2834 1098 2894 transferens
1112 2852 1200 2911 quam
1214 2853 1349 2896 normam

199 2917 370 2988 adhibuerit,
382 2915 453 2992 quid
467 2916 623 2992 respiciens
637 2915 728 2974 modo
743 2916 801 2975 hoc
815 2916 1017 2992 adsumpserit,
1029 2915 1120 2975 modo
1134 2916 1203 2975 illud
1212 2917 1348 2989 reiecerit,

199 2997 321 3058 difficilis
346 3006 390 3056 est
412 2998 553 3073 quaestio.
597 2996 656 3056 Sed
678 2998 709 3056 in
731 2999 899 3056 uniuersum
924 3015 972 3056 eas
995 2997 1108 3056 uidetur
1131 2999 1252 3074 elegisse
1274 3017 1350 3076 quae

198 3079 392 3138 miserrimum
413 3096 506 3154 genus
529 3077 590 3137 siue
610 3079 711 3138 mortis
734 3079 796 3138 siue
817 3080 953 3137 tormenti
974 3077 1123 3150 haberent,
1143 3081 1223 3140 unde
1243 3081 1349 3139 multas

199 3162 305 3237 quibus
319 3159 375 3219 hoc
389 3177 451 3218 non
470 3160 545 3218 inest
562 3160 758 3236 praetermisit.
802 3159 982 3219 Huiusmodi
1000 3160 1148 3237 suppliciis
1161 3162 1349 3220 abundabant

200 3241 380 3302 Graecorum
400 3239 574 3317 tragoediae.
616 3241 680 3300 Ael.
696 3242 733 3300 V.
749 3240 789 3301 H.
804 3243 841 3303 iii.
858 3260 895 3315 29
919 3243 1038 3315 Διογένης
1058 3247 1072 3297 ὁ
1091 3245 1216 3301 Σινωπεὺς
1235 3250 1351 3316 συνεχῶς

199 3327 321 3398 ε’πελεγεν
334 3325 398 3395 ὑπὲρ
412 3326 511 3393 ἑαυτοῦ,
522 3324 562 3378 ὅτι
574 3325 620 3381 τὰς
630 3326 657 3379 ἐκ
667 3327 712 3392 της
721 3323 864 3397 τραγωδίας
874 3325 936 3395 ἀρὰς
949 3326 1025 3382 αι’πδς
1035 3325 1158 3396 ἐκπληροῖ
1171 3327 1211 3380 καί
1221 3327 1350 3397 ὑπομένει·

200 3401 262 3461 εἶναι
284 3406 336 3478 γὰρ
361 3406 466 3474 Πλάνης
486 3405 571 3462 ε’ίοικος
591 3407 714 3477 πατρίδος
735 3407 903 3478 ἐστερημένος
924 3407 1034 3478 Πτωχὸς
1058 3407 1186 3474 δυσείμων
1206 3408 1266 3472 βίον
1283 3408 1352 3479 ἔχων

186 3486 337 3559 ,ἐφήμερον
378 3483 512 3556 Quarum
534 3485 588 3544 etsi
607 3487 736 3544 maxima
759 3503 826 3561 pars
848 3486 940 3562 periit,
961 3495 1132 3561 argumenta
1152 3495 1252 3545 extant
1271 3486 1351 3563 apud

203 3565 365 3643 Hyginum,
383 3566 464 3624 cuius
486 3565 599 3625 fabulae
620 3567 768 3643 permultis
788 3567 860 3627 locis
874 3566 950 3626 Ibidi
970 3567 1066 3626 lucem
1087 3565 1250 3627 offundunt.
1292 3568 1351 3626 Le-

202 3658 341 3724 geratque
353 3645 492 3724 Hyginus
503 3647 679 3707 Ouidianum
691 3648 766 3721 Ibin,
781 3659 812 3708 ut
827 3667 864 3708 ex
877 3648 949 3707 Fab.
963 3666 996 3706 12
1001 3668 1017 3723 3
1034 3647 1150 3723 collegit
1161 3648 1351 3709 Schmidtius:

236 3847 251 3881 *
268 3845 338 3894 Certe
349 3859 408 3906 quae
420 3859 455 3892 rer
467 3845 516 3892 Ibin
528 3845 609 3894 eadem
621 3843 820 3906 Metamorphoses
832 3846 944 3900 obseurat,
956 3845 1056 3893 crebrior
1067 3859 1119 3892 usus
1131 3845 1351 3906 patronymicomm.

204 3911 247 3959 Sed
265 3920 289 3959 et
308 3912 482 3973 papponyrnicis
501 3920 570 3973 atque
589 3912 659 3959 etiam
679 3911 882 3973 mammonymicir
900 3911 1001 3957 taedium
1020 3912 1118 3958 uitauit:
1143 3911 1172 3957 de
1191 3925 1236 3971 qua
1255 3925 1279 3958 re
1299 3913 1353 3958 uide

206 3975 312 4024 Meinelr.
330 3978 397 4023 Anal.
415 3977 483 4024 Alex.
500 3991 539 4037 pp.
558 3985 597 4038 70,
617 3987 646 4039 71
668 3976 788 4023 ‘Omnino
804 3977 858 4023 satis
878 3977 983 4036 frequens
1002 3985 1036 4023 est
1053 3976 1275 4037 papponymicorum
1291 3992 1351 4026 usus.

205 4042 241 4088 lta
252 4043 347 4088 Perseus
360 4042 421 4101 apud
432 4041 543 4088 Ouidium
555 4043 655 4092 Metam.
667 4043 697 4090 iv.
712 4051 755 4104 771
770 4057 783 4088 a
796 4056 882 4102 proauo
891 4050 987 4089 uocatur
998 4042 1147 4105 Agenorides.
1180 4042 1216 4088 De
1228 4042 1353 4089 Protesilao

205 4107 329 4169 Phylacide
350 4107 413 4153 idem
436 4107 555 4154 adnotauit
577 4107 761 4155 Hemtterhusius
789 4109 818 4154 ad
840 4107 933 4156 Lucian.
956 4121 979 4166 p.
1004 4104 1061 4170 4²⁶·
1102 4108 1180 4166 Atque
1202 4108 1276 4168 ipsum
1298 4108 1353 4154 illud

206 4169 317 4236 Αἰακίδης
334 4173 363 4218 de
375 4173 446 4220 Aiace
461 4181 594 4233 usurpatum
611 4175 688 4220 attulit
706 4174 868 4237 grammaticus
880 4173 982 4220 Crameri
994 4173 1080 4220 Anerd.
1093 4172 1122 4220 iv.
1135 4186 1158 4231 p.
1171 4170 1228 4233 326,
1242 4185 1281 4235 25.
1314 4173 1353 4220 Cf.

206 4237 285 4285 Suidae
302 4251 320 4287 r.
332 4253 355 4284 v.
372 4234 504 4298 Ἀλκείδης.
538 4239 590 4284 Nec
609 4239 690 4285 derunt
711 4239 960 4300 mammonymieorum
980 4238 1092 4298 exempla,
1111 4252 1141 4284 ex
1157 4253 1203 4298 quo
1220 4253 1302 4302 genere
1319 4247 1353 4286 est

206 4301 324 4364 Λητοΐδης
335 4303 364 4350 de
375 4303 511 4364 Aesculapio
522 4303 608 4351 dictum
621 4306 650 4351 ab
662 4305 763 4351 Hesiodo
776 4304 867 4366 Fragm.
879 4304 914 4351 ed.
929 4303 1092 4350 Marckscheff.
1104 4303 1143 4352 CI.
1155 4318 1178 4364 p.
1192 4313 1239 4366 317

761 4367 841 4430 πατὴρ
857 4366 878 4414 δ’
893 4367 986 4428 ἀνδρῶν
1001 4384 1030 4416 πε
1047 4367 1108 4416 θεῶν
1123 4384 1152 4417 πε

432 4431 528 4480 Xdroor’
543 4432 583 4480 ἀπ’
601 4432 734 4492 Οὐλύμπου
749 4432 776 4481 δὲ
792 4431 878 4486 βαλὼν
893 4430 1008 4546 yoniam
1025 4430 1131 4496 κςρουνηῖ

427 4495 534 4546 Ἐκπανε
551 4497 680 4561 Λητοΐδην,
696 4497 770 4560 φίλον
787 4496 833 4547 σὺν
849 4501 924 4558 duur
941 4496 1034 4561 ὀρίνων.

239 4563 264 4610 ln
277 4563 358 4625 quibus
369 4572 459 4624 praeter
470 4561 544 4624 φίλον
555 4565 587 4612 nil
597 4564 746 4625 corruptum?
