<?xml version="1.0" encoding="UTF-8"?>
<!DOCTYPE html PUBLIC "-//W3C//DTD XHTML 1.0 Transitional//EN"
    "http://www.w3.org/TR/xhtml1/DTD/xhtml1-transitional.dtd">
<html xmlns="http://www.w3.org/1999/xhtml" xml:lang="en" lang="en">
 <head>
  <title>
</title>
<meta http-equiv="Content-Type" content="text/html;charset=utf-8" />
  <meta name='ocr-system' content='tesseract 3.04.00' />
  <meta name='ocr-capabilities' content='ocr_page ocr_carea ocr_par ocr_line ocrx_word'/>
</head>
<body>
  <div class='ocr_page' id='page_1' title='image "./povidiinasonisi01elligoog_0164.png"; bbox 0 0 3312 5200; ppageno 0'>
   <div class='ocr_carea' id='block_1_1' title="bbox 716 452 1370 513">
    <p class='ocr_par' dir='ltr' id='par_1_1' title="bbox 716 452 1370 513">
     <span class='ocr_line' id='line_1_1' title="bbox 716 452 1370 513; baseline 0 -1"><span class='ocrx_word' id='word_1_1' title='bbox 716 452 761 512; x_wconf 94' lang='lat' dir='ltr'><strong>lN</strong></span> <span class='ocrx_word' id='word_1_2' title='bbox 783 453 879 513; x_wconf 89' lang='lat' dir='ltr'><strong>IBIN.</strong></span> <span class='ocrx_word' id='word_1_3' title='bbox 1332 457 1370 512; x_wconf 81' lang='lat'><strong>95</strong></span> 
     </span>
    </p>
   </div>
   <div class='ocr_carea' id='block_1_2' title="bbox 213 610 1373 3300">
    <p class='ocr_par' dir='ltr' id='par_1_2' title="bbox 214 610 1370 690">
     <span class='ocr_line' id='line_1_2' title="bbox 214 610 1370 690; baseline -0.003 -18"><span class='ocrx_word' id='word_1_4' title='bbox 214 613 298 672; x_wconf 71' lang='lat' dir='ltr'><strong>Alius</strong></span> <span class='ocrx_word' id='word_1_5' title='bbox 313 613 443 673; x_wconf 84' lang='lat' dir='ltr'><strong>Glaucus</strong></span> <span class='ocrx_word' id='word_1_6' title='bbox 464 631 516 690; x_wconf 90' lang='lat' dir='ltr'><strong>per</strong></span> <span class='ocrx_word' id='word_1_7' title='bbox 531 610 688 688; x_wconf 88' lang='lat' dir='ltr'><strong>quamdam</strong></span> <span class='ocrx_word' id='word_1_8' title='bbox 708 610 773 668; x_wconf 91' lang='lat' dir='ltr'><strong>her·</strong></span> <span class='ocrx_word' id='word_1_9' title='bbox 814 611 844 668; x_wconf 92' lang='lat' dir='ltr'><strong>in</strong></span> <span class='ocrx_word' id='word_1_10' title='bbox 867 610 987 669; x_wconf 90' lang='lat' dir='ltr'><strong>herbam</strong></span> <span class='ocrx_word' id='word_1_11' title='bbox 1010 619 1038 668; x_wconf 88' lang='lat' dir='ltr'><strong>et</strong></span> <span class='ocrx_word' id='word_1_12' title='bbox 1063 611 1132 669; x_wconf 89' lang='lat' dir='ltr'><strong>tacti</strong></span> <span class='ocrx_word' id='word_1_13' title='bbox 1157 611 1195 669; x_wconf 91' lang='lat' dir='ltr'><strong>ab</strong></span> <span class='ocrx_word' id='word_1_14' title='bbox 1215 610 1305 670; x_wconf 92' lang='lat' dir='ltr'><strong>herba</strong></span> <span class='ocrx_word' id='word_1_15' title='bbox 1326 629 1370 670; x_wconf 89' lang='lat' dir='ltr'><strong>re·</strong></span> 
     </span>
    </p>

    <p class='ocr_par' dir='ltr' id='par_1_3' title="bbox 213 691 1370 772">
     <span class='ocr_line' id='line_1_3' title="bbox 213 691 1370 772; baseline -0.001 -19"><span class='ocrx_word' id='word_1_16' title='bbox 213 696 285 753; x_wconf 91' lang='lat' dir='ltr'><strong>bam</strong></span> <span class='ocrx_word' id='word_1_17' title='bbox 307 696 337 753; x_wconf 90' lang='lat' dir='ltr'><strong>in</strong></span> <span class='ocrx_word' id='word_1_18' title='bbox 361 695 474 772; x_wconf 89' lang='lat' dir='ltr'>piscem</span> <span class='ocrx_word' id='word_1_19' title='bbox 497 703 623 753; x_wconf 90' lang='lat' dir='ltr'><strong>mutatus</strong></span> <span class='ocrx_word' id='word_1_20' title='bbox 648 693 679 750; x_wconf 91' lang='lat' dir='ltr'><strong>in</strong></span> <span class='ocrx_word' id='word_1_21' title='bbox 700 692 773 750; x_wconf 87' lang='lat' dir='ltr'><strong>mari</strong></span> <span class='ocrx_word' id='word_1_22' title='bbox 814 692 944 750; x_wconf 88' lang='lat' dir='ltr'><strong>sillerunt</strong></span> <span class='ocrx_word' id='word_1_23' title='bbox 966 691 996 748; x_wconf 93' lang='lat' dir='ltr'><strong>in</strong></span> <span class='ocrx_word' id='word_1_24' title='bbox 1017 710 1106 762; x_wconf 85' lang='lat' dir='ltr'><strong>mare,</strong></span> <span class='ocrx_word' id='word_1_25' title='bbox 1127 693 1205 751; x_wconf 88' lang='lat' dir='ltr'><strong>unde</strong></span> <span class='ocrx_word' id='word_1_26' title='bbox 1225 692 1370 754; x_wconf 90' lang='lat' dir='ltr'><strong>admirans</strong></span> 
     </span>
    </p>

    <p class='ocr_par' dir='ltr' id='par_1_4' title="bbox 214 773 1369 995">
     <span class='ocr_line' id='line_1_4' title="bbox 214 773 1369 856; baseline -0.001 -22"><span class='ocrx_word' id='word_1_27' title='bbox 214 777 345 856; x_wconf 85' lang='lat' dir='ltr'><strong>prosiliit.</strong></span> <span class='ocrx_word' id='word_1_28' title='bbox 390 775 426 836; x_wconf 67' lang='lat' dir='ltr'><strong>Gt</strong></span> <span class='ocrx_word' id='word_1_29' title='bbox 814 774 875 832; x_wconf 90' lang='lat' dir='ltr'><strong>uim</strong></span> <span class='ocrx_word' id='word_1_30' title='bbox 896 773 970 831; x_wconf 90' lang='lat' dir='ltr'><strong>illius</strong></span> <span class='ocrx_word' id='word_1_31' title='bbox 990 773 1098 832; x_wconf 87' lang='lat' dir='ltr'>herbae</span> <span class='ocrx_word' id='word_1_32' title='bbox 1120 774 1212 851; x_wconf 84' lang='lat' dir='ltr'><strong>tetigit</strong></span> <span class='ocrx_word' id='word_1_33' title='bbox 1228 775 1323 850; x_wconf 83' lang='lat' dir='ltr'><strong>ipsam</strong></span> <span class='ocrx_word' id='word_1_34' title='bbox 1341 783 1369 833; x_wconf 94' lang='lat' dir='ltr'><strong>et</strong></span> 
     </span>
     <span class='ocr_line' id='line_1_5' title="bbox 814 855 1368 931; baseline 0.005 -18"><span class='ocrx_word' id='word_1_35' title='bbox 814 856 844 913; x_wconf 90' lang='lat' dir='ltr'><strong>ln</strong></span> <span class='ocrx_word' id='word_1_36' title='bbox 858 873 938 914; x_wconf 90' lang='lat' dir='ltr'><strong>mare</strong></span> <span class='ocrx_word' id='word_1_37' title='bbox 955 855 1094 931; x_wconf 92' lang='lat' dir='ltr'><strong>prosiluit.</strong></span> <span class='ocrx_word' id='word_1_38' title='bbox 1137 855 1262 916; x_wconf 87' lang='lat' dir='ltr'><strong>Ouidius</strong></span> <span class='ocrx_word' id='word_1_39' title='bbox 1278 855 1368 916; x_wconf 89' lang='lat' dir='ltr'><strong>Meta.</strong></span> 
     </span>
     <span class='ocr_line' id='line_1_6' title="bbox 816 935 850 995; baseline 0 0"><span class='ocrx_word' id='word_1_40' title='bbox 816 935 850 995; x_wconf 88' lang='lat' dir='ltr'><strong>C.</strong></span> 
     </span>
    </p>

    <p class='ocr_par' dir='ltr' id='par_1_5' title="bbox 216 1016 1373 1335">
     <span class='ocr_line' id='line_1_7' title="bbox 260 1016 1367 1096; baseline 0.004 -21"><span class='ocrx_word' id='word_1_41' title='bbox 260 1034 328 1095; x_wconf 82' lang='lat'><strong>557.</strong></span> <span class='ocrx_word' id='word_1_42' title='bbox 350 1019 465 1096; x_wconf 87' lang='lat' dir='ltr'><strong>thue</strong></span> <span class='ocrx_word' id='word_1_43' title='bbox 501 1019 636 1078; x_wconf 90' lang='lat' dir='ltr'><strong>duobus</strong></span> <span class='ocrx_word' id='word_1_44' title='bbox 670 1016 771 1076; x_wconf 87' lang='lat' dir='ltr'><strong>idem.</strong></span> <span class='ocrx_word' id='word_1_45' title='bbox 855 1017 984 1090; x_wconf 88' lang='lat' dir='ltr'><strong>Quidam</strong></span> <span class='ocrx_word' id='word_1_46' title='bbox 1035 1018 1181 1078; x_wconf 87' lang='lat' dir='ltr'><strong>Cretensis</strong></span> <span class='ocrx_word' id='word_1_47' title='bbox 1233 1019 1367 1079; x_wconf 90' lang='lat' dir='ltr'><strong>inuitauit</strong></span> 
     </span>
     <span class='ocr_line' id='line_1_8' title="bbox 216 1098 1370 1177; baseline 0.001 -17"><span class='ocrx_word' id='word_1_48' title='bbox 216 1100 335 1161; x_wconf 90' lang='lat' dir='ltr'><strong>Tertius</strong></span> <span class='ocrx_word' id='word_1_49' title='bbox 350 1101 479 1160; x_wconf 86' lang='lat' dir='ltr'><strong>Glaucus</strong></span> <span class='ocrx_word' id='word_1_50' title='bbox 495 1101 655 1177; x_wconf 86' lang='lat' dir='ltr'><strong>aquodam</strong></span> <span class='ocrx_word' id='word_1_51' title='bbox 675 1099 774 1158; x_wconf 90' lang='lat' dir='ltr'><strong>uicino</strong></span> <span class='ocrx_word' id='word_1_52' title='bbox 815 1098 960 1158; x_wconf 92' lang='lat' dir='ltr'><strong>Glaucum</strong></span> <span class='ocrx_word' id='word_1_53' title='bbox 974 1101 1092 1162; x_wconf 92' lang='lat' dir='ltr'><strong>†nolem</strong></span> <span class='ocrx_word' id='word_1_54' title='bbox 1110 1101 1148 1160; x_wconf 91' lang='lat' dir='ltr'><strong>ad</strong></span> <span class='ocrx_word' id='word_1_55' title='bbox 1169 1103 1322 1176; x_wconf 90' lang='lat' dir='ltr'><strong>prandium</strong></span> <span class='ocrx_word' id='word_1_56' title='bbox 1340 1111 1370 1162; x_wconf 90' lang='lat' dir='ltr'><strong>et</strong></span> 
     </span>
     <span class='ocr_line' id='line_1_9' title="bbox 216 1181 1369 1243; baseline -0.002 -1"><span class='ocrx_word' id='word_1_57' title='bbox 216 1202 272 1242; x_wconf 91' lang='lat' dir='ltr'><strong>suo</strong></span> <span class='ocrx_word' id='word_1_58' title='bbox 283 1184 322 1243; x_wconf 88' lang='lat' dir='ltr'><strong>ad</strong></span> <span class='ocrx_word' id='word_1_59' title='bbox 333 1183 500 1242; x_wconf 90' lang='lat' dir='ltr'><strong>conuiuium</strong></span> <span class='ocrx_word' id='word_1_60' title='bbox 509 1183 645 1241; x_wconf 89' lang='lat' dir='ltr'><strong>inuitatus</strong></span> <span class='ocrx_word' id='word_1_61' title='bbox 656 1198 772 1239; x_wconf 91' lang='lat' dir='ltr'><strong>ueneno</strong></span> <span class='ocrx_word' id='word_1_62' title='bbox 814 1181 894 1240; x_wconf 90' lang='lat' dir='ltr'><strong>dedit</strong></span> <span class='ocrx_word' id='word_1_63' title='bbox 921 1181 960 1240; x_wconf 93' lang='lat' dir='ltr'><strong>illi</strong></span> <span class='ocrx_word' id='word_1_64' title='bbox 987 1200 1133 1240; x_wconf 89' lang='lat' dir='ltr'><strong>uenenum</strong></span> <span class='ocrx_word' id='word_1_65' title='bbox 1168 1183 1266 1242; x_wconf 88' lang='lat' dir='ltr'><strong>bibere</strong></span> <span class='ocrx_word' id='word_1_66' title='bbox 1302 1201 1369 1242; x_wconf 90' lang='lat' dir='ltr'><strong>cum</strong></span> 
     </span>
     <span class='ocr_line' id='line_1_10' title="bbox 216 1263 1373 1335; baseline -0.003 -9"><span class='ocrx_word' id='word_1_67' title='bbox 216 1265 296 1326; x_wconf 89' lang='lat' dir='ltr'><strong>melli</strong></span> <span class='ocrx_word' id='word_1_68' title='bbox 310 1265 402 1326; x_wconf 81' lang='lat' dir='ltr'><strong>mixto</strong></span> <span class='ocrx_word' id='word_1_69' title='bbox 418 1265 531 1323; x_wconf 89' lang='lat' dir='ltr'><strong>interiit.</strong></span> <span class='ocrx_word' id='word_1_70' title='bbox 576 1264 613 1324; x_wconf 87' lang='lat' dir='ltr'><strong>G.</strong></span> <span class='ocrx_word' id='word_1_71' title='bbox 814 1263 907 1334; x_wconf 90' lang='lat' dir='ltr'><strong>melle,</strong></span> <span class='ocrx_word' id='word_1_72' title='bbox 925 1274 954 1322; x_wconf 89' lang='lat' dir='ltr'><strong>et</strong></span> <span class='ocrx_word' id='word_1_73' title='bbox 975 1264 1015 1322; x_wconf 88' lang='lat' dir='ltr'><strong>ita</strong></span> <span class='ocrx_word' id='word_1_74' title='bbox 1038 1264 1196 1323; x_wconf 86' lang='lat' dir='ltr'><strong>suffocatus</strong></span> <span class='ocrx_word' id='word_1_75' title='bbox 1218 1277 1270 1335; x_wconf 78' lang='lat' dir='ltr'><strong>est.</strong></span> <span class='ocrx_word' id='word_1_76' title='bbox 1304 1264 1373 1325; x_wconf 86' lang='lat' dir='ltr'><strong>Cet</strong></span> 
     </span>
    </p>

    <p class='ocr_par' dir='ltr' id='par_1_6' title="bbox 813 1345 883 1403">
     <span class='ocr_line' id='line_1_11' title="bbox 813 1345 883 1403; baseline 0.014 -1"><span class='ocrx_word' id='word_1_77' title='bbox 813 1345 883 1403; x_wconf 86' lang='lat' dir='ltr'><strong>Ask.</strong></span> 
     </span>
    </p>

    <p class='ocr_par' dir='ltr' id='par_1_7' title="bbox 217 1425 1370 2155">
     <span class='ocr_line' id='line_1_12' title="bbox 259 1425 1369 1504; baseline 0.002 -18"><span class='ocrx_word' id='word_1_78' title='bbox 259 1427 388 1486; x_wconf 86' lang='lat' dir='ltr'><strong>Glaucus</strong></span> <span class='ocrx_word' id='word_1_79' title='bbox 410 1425 538 1503; x_wconf 77' lang='lat' dir='ltr'><strong>piscator</strong></span> <span class='ocrx_word' id='word_1_80' title='bbox 557 1425 685 1501; x_wconf 90' lang='lat' dir='ltr'><strong>optimus</strong></span> <span class='ocrx_word' id='word_1_81' title='bbox 700 1426 737 1484; x_wconf 89' lang='lat' dir='ltr'><strong>de</strong></span> <span class='ocrx_word' id='word_1_82' title='bbox 756 1426 827 1484; x_wconf 89' lang='lat' dir='ltr'><strong>urbe</strong></span> <span class='ocrx_word' id='word_1_83' title='bbox 846 1426 1031 1496; x_wconf 86' lang='lat' dir='ltr'><strong>Anthedone,</strong></span> <span class='ocrx_word' id='word_1_84' title='bbox 1047 1428 1208 1486; x_wconf 89' lang='lat' dir='ltr'><strong>secundum</strong></span> <span class='ocrx_word' id='word_1_85' title='bbox 1223 1428 1369 1504; x_wconf 86' lang='lat' dir='ltr'><strong>quosdam</strong></span> 
     </span>
     <span class='ocr_line' id='line_1_13' title="bbox 217 1507 1368 1584; baseline 0.001 -17"><span class='ocrx_word' id='word_1_86' title='bbox 217 1509 293 1568; x_wconf 75' lang='lat' dir='ltr'><strong>filius</strong></span> <span class='ocrx_word' id='word_1_87' title='bbox 309 1509 432 1579; x_wconf 85' lang='lat' dir='ltr'><strong>llllinois,</strong></span> <span class='ocrx_word' id='word_1_88' title='bbox 448 1509 546 1584; x_wconf 78' lang='lat' dir='ltr'><strong>pisces</strong></span> <span class='ocrx_word' id='word_1_89' title='bbox 563 1509 593 1564; x_wconf 94' lang='lat' dir='ltr'><strong>in</strong></span> <span class='ocrx_word' id='word_1_90' title='bbox 612 1508 678 1565; x_wconf 88' lang='lat' dir='ltr'><strong>litus</strong></span> <span class='ocrx_word' id='word_1_91' title='bbox 700 1507 828 1582; x_wconf 90' lang='lat' dir='ltr'><strong>proiecit,</strong></span> <span class='ocrx_word' id='word_1_92' title='bbox 844 1509 893 1584; x_wconf 91' lang='lat' dir='ltr'><strong>qui</strong></span> <span class='ocrx_word' id='word_1_93' title='bbox 907 1507 1062 1566; x_wconf 88' lang='lat' dir='ltr'><strong>herbarum</strong></span> <span class='ocrx_word' id='word_1_94' title='bbox 1084 1519 1170 1567; x_wconf 64' lang='lat' dir='ltr'><strong>tactu.</strong></span> <span class='ocrx_word' id='word_1_95' title='bbox 1184 1511 1368 1568; x_wconf 85' lang='lat' dir='ltr'><strong>reuixenrnt:</strong></span> 
     </span>
     <span class='ocr_line' id='line_1_14' title="bbox 217 1588 1367 1667; baseline 0.001 -18"><span class='ocrx_word' id='word_1_96' title='bbox 217 1609 278 1667; x_wconf 78' lang='lat' dir='ltr'><strong>quo</strong></span> <span class='ocrx_word' id='word_1_97' title='bbox 293 1592 358 1649; x_wconf 89' lang='lat' dir='ltr'><strong>uiso</strong></span> <span class='ocrx_word' id='word_1_98' title='bbox 374 1590 511 1658; x_wconf 87' lang='lat' dir='ltr'><strong>Glaucus,</strong></span> <span class='ocrx_word' id='word_1_99' title='bbox 526 1589 649 1647; x_wconf 85' lang='lat' dir='ltr'><strong>credens</strong></span> <span class='ocrx_word' id='word_1_100' title='bbox 664 1588 745 1665; x_wconf 92' lang='lat' dir='ltr'><strong>quod</strong></span> <span class='ocrx_word' id='word_1_101' title='bbox 764 1599 884 1664; x_wconf 86' lang='lat' dir='ltr'><strong>gustans</strong></span> <span class='ocrx_word' id='word_1_102' title='bbox 899 1589 953 1648; x_wconf 90' lang='lat' dir='ltr'><strong>has</strong></span> <span class='ocrx_word' id='word_1_103' title='bbox 971 1589 1076 1649; x_wconf 89' lang='lat' dir='ltr'><strong>herbas</strong></span> <span class='ocrx_word' id='word_1_104' title='bbox 1091 1591 1171 1648; x_wconf 89' lang='lat' dir='ltr'><strong>lieret</strong></span> <span class='ocrx_word' id='word_1_105' title='bbox 1186 1590 1367 1662; x_wconf 88' lang='lat' dir='ltr'><strong>immortalis,</strong></span> 
     </span>
     <span class='ocr_line' id='line_1_15' title="bbox 217 1671 1370 1748; baseline 0 -18"><span class='ocrx_word' id='word_1_106' title='bbox 217 1674 354 1748; x_wconf 86' lang='lat' dir='ltr'><strong>gustauit,</strong></span> <span class='ocrx_word' id='word_1_107' title='bbox 380 1682 409 1730; x_wconf 89' lang='lat' dir='ltr'><strong>et</strong></span> <span class='ocrx_word' id='word_1_108' title='bbox 434 1672 530 1730; x_wconf 88' lang='lat' dir='ltr'><strong>statim</strong></span> <span class='ocrx_word' id='word_1_109' title='bbox 558 1671 698 1728; x_wconf 90' lang='lat' dir='ltr'><strong>alienatus</strong></span> <span class='ocrx_word' id='word_1_110' title='bbox 727 1687 758 1728; x_wconf 89' lang='lat' dir='ltr'><strong>sc</strong></span> <span class='ocrx_word' id='word_1_111' title='bbox 787 1671 816 1726; x_wconf 94' lang='lat' dir='ltr'><strong>in</strong></span> <span class='ocrx_word' id='word_1_112' title='bbox 846 1689 924 1728; x_wconf 85' lang='lat' dir='ltr'><strong>mare</strong></span> <span class='ocrx_word' id='word_1_113' title='bbox 952 1672 1169 1747; x_wconf 88' lang='lat' dir='ltr'><strong>praecipitauit:</strong></span> <span class='ocrx_word' id='word_1_114' title='bbox 1203 1673 1251 1730; x_wconf 89' lang='lat' dir='ltr'><strong>ubi</strong></span> <span class='ocrx_word' id='word_1_115' title='bbox 1277 1672 1370 1732; x_wconf 86' lang='lat' dir='ltr'><strong>lactus</strong></span> 
     </span>
     <span class='ocr_line' id='line_1_16' title="bbox 217 1751 1367 1828; baseline 0.001 -17"><span class='ocrx_word' id='word_1_116' title='bbox 217 1755 348 1811; x_wconf 87' lang='lat' dir='ltr'><strong>marinus</strong></span> <span class='ocrx_word' id='word_1_117' title='bbox 372 1754 443 1811; x_wconf 89' lang='lat' dir='ltr'><strong>deus</strong></span> <span class='ocrx_word' id='word_1_118' title='bbox 468 1753 521 1811; x_wconf 85' lang='lat' dir='ltr'><strong>luit</strong></span> <span class='ocrx_word' id='word_1_119' title='bbox 545 1762 657 1810; x_wconf 88' lang='lat' dir='ltr'><strong>amatus</strong></span> <span class='ocrx_word' id='word_1_120' title='bbox 685 1771 703 1809; x_wconf 92' lang='lat' dir='ltr'><strong>a</strong></span> <span class='ocrx_word' id='word_1_121' title='bbox 727 1751 822 1824; x_wconf 85' lang='lat' dir='ltr'><strong>Circe,</strong></span> <span class='ocrx_word' id='word_1_122' title='bbox 847 1753 899 1811; x_wconf 90' lang='lat' dir='ltr'><strong>sed</strong></span> <span class='ocrx_word' id='word_1_123' title='bbox 923 1752 987 1828; x_wconf 90' lang='lat' dir='ltr'><strong>ipse</strong></span> <span class='ocrx_word' id='word_1_124' title='bbox 1011 1752 1077 1828; x_wconf 91' lang='lat' dir='ltr'><strong>plus</strong></span> <span class='ocrx_word' id='word_1_125' title='bbox 1107 1753 1223 1813; x_wconf 91' lang='lat' dir='ltr'><strong>Scillam</strong></span> <span class='ocrx_word' id='word_1_126' title='bbox 1252 1755 1367 1812; x_wconf 90' lang='lat' dir='ltr'><strong>amauit.</strong></span> 
     </span>
     <span class='ocr_line' id='line_1_17' title="bbox 218 1833 1369 1895; baseline 0.001 -2"><span class='ocrx_word' id='word_1_127' title='bbox 218 1834 349 1893; x_wconf 83' lang='lat' dir='ltr'><strong>Glaucus</strong></span> <span class='ocrx_word' id='word_1_128' title='bbox 378 1835 448 1892; x_wconf 90' lang='lat' dir='ltr'><strong>alter</strong></span> <span class='ocrx_word' id='word_1_129' title='bbox 475 1853 493 1893; x_wconf 89' lang='lat' dir='ltr'><strong>a</strong></span> <span class='ocrx_word' id='word_1_130' title='bbox 519 1833 618 1892; x_wconf 91' lang='lat' dir='ltr'><strong>uicino</strong></span> <span class='ocrx_word' id='word_1_131' title='bbox 646 1833 783 1891; x_wconf 91' lang='lat' dir='ltr'><strong>inuitatus</strong></span> <span class='ocrx_word' id='word_1_132' title='bbox 811 1851 927 1892; x_wconf 91' lang='lat' dir='ltr'><strong>ueneno</strong></span> <span class='ocrx_word' id='word_1_133' title='bbox 953 1853 1019 1892; x_wconf 91' lang='lat' dir='ltr'><strong>cum</strong></span> <span class='ocrx_word' id='word_1_134' title='bbox 1044 1835 1131 1893; x_wconf 85' lang='lat' dir='ltr'><strong>melle</strong></span> <span class='ocrx_word' id='word_1_135' title='bbox 1158 1837 1248 1894; x_wconf 87' lang='lat' dir='ltr'><strong>mixto</strong></span> <span class='ocrx_word' id='word_1_136' title='bbox 1277 1837 1369 1895; x_wconf 90' lang='lat' dir='ltr'><strong>bibito</strong></span> 
     </span>
     <span class='ocr_line' id='line_1_18' title="bbox 217 1914 1368 2010; baseline 0.003 -36"><span class='ocrx_word' id='word_1_137' title='bbox 217 1917 336 2010; x_wconf 82' lang='lat' dir='ltr'><strong>lingitur</strong></span> <span class='ocrx_word' id='word_1_138' title='bbox 350 1917 477 1991; x_wconf 90' lang='lat' dir='ltr'><strong>periisse.</strong></span> <span class='ocrx_word' id='word_1_139' title='bbox 521 1914 650 1972; x_wconf 89' lang='lat' dir='ltr'><strong>Glaucus</strong></span> <span class='ocrx_word' id='word_1_140' title='bbox 664 1916 752 1972; x_wconf 88' lang='lat' dir='ltr'><strong>etiarn</strong></span> <span class='ocrx_word' id='word_1_141' title='bbox 771 1916 870 1974; x_wconf 89' lang='lat' dir='ltr'><strong>tertius</strong></span> <span class='ocrx_word' id='word_1_142' title='bbox 886 1917 921 1974; x_wconf 92' lang='lat' dir='ltr'><strong>de</strong></span> <span class='ocrx_word' id='word_1_143' title='bbox 939 1917 1010 1974; x_wconf 91' lang='lat' dir='ltr'><strong>urbe</strong></span> <span class='ocrx_word' id='word_1_144' title='bbox 1025 1915 1129 1974; x_wconf 86' lang='lat' dir='ltr'><strong>Potnia</strong></span> <span class='ocrx_word' id='word_1_145' title='bbox 1149 1936 1231 1976; x_wconf 85' lang='lat' dir='ltr'><strong>sacra</strong></span> <span class='ocrx_word' id='word_1_146' title='bbox 1244 1917 1368 1978; x_wconf 90' lang='lat' dir='ltr'><strong>Veneris</strong></span> 
     </span>
     <span class='ocr_line' id='line_1_19' title="bbox 219 1997 1367 2074; baseline 0.003 -19"><span class='ocrx_word' id='word_1_147' title='bbox 219 1999 345 2074; x_wconf 88' lang='lat' dir='ltr'><strong>spreuit:</strong></span> <span class='ocrx_word' id='word_1_148' title='bbox 368 1998 446 2055; x_wconf 87' lang='lat' dir='ltr'><strong>unde</strong></span> <span class='ocrx_word' id='word_1_149' title='bbox 472 1997 520 2055; x_wconf 90' lang='lat' dir='ltr'><strong>illa</strong></span> <span class='ocrx_word' id='word_1_150' title='bbox 544 1998 616 2054; x_wconf 87' lang='lat' dir='ltr'><strong>irata</strong></span> <span class='ocrx_word' id='word_1_151' title='bbox 640 1997 770 2071; x_wconf 89' lang='lat' dir='ltr'><strong>equabus</strong></span> <span class='ocrx_word' id='word_1_152' title='bbox 792 2014 865 2072; x_wconf 91' lang='lat' dir='ltr'><strong>quas</strong></span> <span class='ocrx_word' id='word_1_153' title='bbox 889 1998 1034 2074; x_wconf 87' lang='lat' dir='ltr'><strong>equitabat</strong></span> <span class='ocrx_word' id='word_1_154' title='bbox 1056 1998 1164 2058; x_wconf 89' lang='lat' dir='ltr'><strong>inmisit</strong></span> <span class='ocrx_word' id='word_1_155' title='bbox 1185 1998 1311 2060; x_wconf 84' lang='lat' dir='ltr'><strong>furorem</strong></span> <span class='ocrx_word' id='word_1_156' title='bbox 1337 2001 1367 2058; x_wconf 91' lang='lat' dir='ltr'><strong>in</strong></span> 
     </span>
     <span class='ocr_line' id='line_1_20' title="bbox 218 2077 897 2155; baseline -0.003 -18"><span class='ocrx_word' id='word_1_157' title='bbox 218 2091 333 2138; x_wconf 91' lang='lat' dir='ltr'><strong>tantum</strong></span> <span class='ocrx_word' id='word_1_158' title='bbox 348 2078 450 2155; x_wconf 89' lang='lat' dir='ltr'><strong>quod</strong></span> <span class='ocrx_word' id='word_1_159' title='bbox 443 2097 539 2154; x_wconf 81' lang='lat' dir='ltr'><strong>ipsum</strong></span> <span class='ocrx_word' id='word_1_160' title='bbox 554 2079 757 2136; x_wconf 89' lang='lat' dir='ltr'><strong>dilacerabant.</strong></span> <span class='ocrx_word' id='word_1_161' title='bbox 799 2077 897 2136; x_wconf 85' lang='lat' dir='ltr'><strong>Mare.</strong></span> 
     </span>
    </p>

    <p class='ocr_par' dir='ltr' id='par_1_8' title="bbox 219 2157 1370 2401">
     <span class='ocr_line' id='line_1_21' title="bbox 262 2157 1369 2236; baseline 0.004 -18"><span class='ocrx_word' id='word_1_162' title='bbox 262 2175 330 2235; x_wconf 87' lang='lat'><strong>559.</strong></span> <span class='ocrx_word' id='word_1_163' title='bbox 353 2160 582 2236; x_wconf 84' lang='lat' dir='ltr'><strong>Sollicitoque</strong></span> <span class='ocrx_word' id='word_1_164' title='bbox 599 2161 705 2217; x_wconf 89' lang='lat' dir='ltr'><strong>brbas</strong></span> <span class='ocrx_word' id='word_1_165' title='bbox 734 2157 773 2230; x_wconf 89' lang='lat' dir='ltr'><strong>Q.</strong></span> <span class='ocrx_word' id='word_1_166' title='bbox 856 2161 961 2220; x_wconf 84' lang='lat' dir='ltr'><strong>Auitus</strong></span> <span class='ocrx_word' id='word_1_167' title='bbox 982 2161 1141 2236; x_wconf 82' lang='lat' dir='ltr'><strong>discipulus</strong></span> <span class='ocrx_word' id='word_1_168' title='bbox 1156 2161 1282 2222; x_wconf 83' lang='lat' dir='ltr'><strong>Socratis</strong></span> <span class='ocrx_word' id='word_1_169' title='bbox 1301 2181 1369 2222; x_wconf 88' lang='lat' dir='ltr'><strong>eum</strong></span> 
     </span>
     <span class='ocr_line' id='line_1_22' title="bbox 219 2239 1370 2318; baseline 0.003 -18"><span class='ocrx_word' id='word_1_170' title='bbox 219 2243 247 2300; x_wconf 92' lang='lat' dir='ltr'><strong>d.</strong></span> <span class='ocrx_word' id='word_1_171' title='bbox 271 2252 355 2300; x_wconf 89' lang='lat' dir='ltr'><strong>coact</strong></span> <span class='ocrx_word' id='word_1_172' title='bbox 356 2261 389 2300; x_wconf 91' lang='lat' dir='ltr'><strong>us</strong></span> <span class='ocrx_word' id='word_1_173' title='bbox 414 2243 496 2299; x_wconf 86' lang='lat' dir='ltr'><strong>bibas</strong></span> <span class='ocrx_word' id='word_1_174' title='bbox 521 2259 668 2300; x_wconf 87' lang='lat' dir='ltr'><strong>uenenum</strong></span> <span class='ocrx_word' id='word_1_175' title='bbox 693 2239 774 2318; x_wconf 87' lang='lat' dir='ltr'><strong>quod</strong></span> <span class='ocrx_word' id='word_1_176' title='bbox 815 2244 972 2313; x_wconf 88' lang='lat' dir='ltr'><strong>accusauit,</strong></span> <span class='ocrx_word' id='word_1_177' title='bbox 1004 2244 1083 2301; x_wconf 90' lang='lat' dir='ltr'><strong>unde</strong></span> <span class='ocrx_word' id='word_1_178' title='bbox 1119 2242 1252 2304; x_wconf 90' lang='lat' dir='ltr'><strong>Socrates</strong></span> <span class='ocrx_word' id='word_1_179' title='bbox 1292 2263 1370 2304; x_wconf 90' lang='lat' dir='ltr'><strong>reus</strong></span> 
     </span>
     <span class='ocr_line' id='line_1_23' title="bbox 221 2321 1366 2401; baseline 0.002 -19"><span class='ocrx_word' id='word_1_180' title='bbox 221 2324 355 2382; x_wconf 86' lang='lat' dir='ltr'><strong>Socrates</strong></span> <span class='ocrx_word' id='word_1_181' title='bbox 369 2325 441 2381; x_wconf 92' lang='lat' dir='ltr'><strong>bibit</strong></span> <span class='ocrx_word' id='word_1_182' title='bbox 456 2335 569 2400; x_wconf 88' lang='lat' dir='ltr'><strong>sponte.</strong></span> <span class='ocrx_word' id='word_1_183' title='bbox 614 2321 650 2382; x_wconf 83' lang='lat' dir='ltr'><strong>G.</strong></span> <span class='ocrx_word' id='word_1_184' title='bbox 815 2323 911 2382; x_wconf 80' lang='lat' dir='ltr'><strong>Aniti</strong></span> <span class='ocrx_word' id='word_1_185' title='bbox 932 2324 1026 2383; x_wconf 88' lang='lat' dir='ltr'><strong>dictus</strong></span> <span class='ocrx_word' id='word_1_186' title='bbox 1048 2334 1100 2382; x_wconf 91' lang='lat' dir='ltr'><strong>est.</strong></span> <span class='ocrx_word' id='word_1_187' title='bbox 1149 2327 1199 2401; x_wconf 90' lang='lat' dir='ltr'><strong>qui</strong></span> <span class='ocrx_word' id='word_1_188' title='bbox 1220 2344 1366 2384; x_wconf 88' lang='lat' dir='ltr'><strong>uenenum</strong></span> 
     </span>
    </p>

    <p class='ocr_par' dir='ltr' id='par_1_9' title="bbox 815 2405 1371 2565">
     <span class='ocr_line' id='line_1_24' title="bbox 816 2405 1371 2483; baseline 0.004 -20"><span class='ocrx_word' id='word_1_189' title='bbox 816 2405 870 2464; x_wconf 92' lang='lat' dir='ltr'><strong>sibi</strong></span> <span class='ocrx_word' id='word_1_190' title='bbox 892 2406 992 2462; x_wconf 92' lang='lat' dir='ltr'><strong>datum</strong></span> <span class='ocrx_word' id='word_1_191' title='bbox 1012 2407 1122 2464; x_wconf 81' lang='lat' dir='ltr'><strong>cicutae</strong></span> <span class='ocrx_word' id='word_1_192' title='bbox 1142 2406 1214 2464; x_wconf 89' lang='lat' dir='ltr'><strong>bibit</strong></span> <span class='ocrx_word' id='word_1_193' title='bbox 1237 2427 1307 2483; x_wconf 88' lang='lat' dir='ltr'><strong>prae</strong></span> <span class='ocrx_word' id='word_1_194' title='bbox 1327 2409 1371 2465; x_wconf 91' lang='lat' dir='ltr'><strong>in·</strong></span> 
     </span>
     <span class='ocr_line' id='line_1_25' title="bbox 815 2486 1368 2565; baseline 0.004 -21"><span class='ocrx_word' id='word_1_195' title='bbox 815 2486 1368 2565; x_wconf 84' lang='lat' dir='ltr'><strong>samiadeAlcibiadepuerosibids&#39;lecto.</strong></span> 
     </span>
    </p>

    <p class='ocr_par' dir='ltr' id='par_1_10' title="bbox 220 2647 1370 2954">
     <span class='ocr_line' id='line_1_26' title="bbox 263 2647 1368 2726; baseline 0.003 -19"><span class='ocrx_word' id='word_1_196' title='bbox 263 2647 311 2707; x_wconf 89' lang='lat' dir='ltr'><strong>Sic</strong></span> <span class='ocrx_word' id='word_1_197' title='bbox 325 2659 478 2709; x_wconf 87' lang='lat' dir='ltr'><strong>construe:</strong></span> <span class='ocrx_word' id='word_1_198' title='bbox 502 2650 612 2708; x_wconf 84' lang='lat' dir='ltr'><strong>utinam</strong></span> <span class='ocrx_word' id='word_1_199' title='bbox 632 2648 732 2706; x_wconf 88' lang='lat' dir='ltr'><strong>bibas</strong></span> <span class='ocrx_word' id='word_1_200' title='bbox 751 2648 821 2709; x_wconf 89' lang='lat' dir='ltr'><strong>illud</strong></span> <span class='ocrx_word' id='word_1_201' title='bbox 837 2668 992 2721; x_wconf 88' lang='lat' dir='ltr'><strong>uenenum,</strong></span> <span class='ocrx_word' id='word_1_202' title='bbox 1007 2669 1030 2709; x_wconf 82' lang='lat' dir='ltr'><strong>s</strong></span> <span class='ocrx_word' id='word_1_203' title='bbox 1045 2650 1164 2722; x_wconf 88' lang='lat' dir='ltr'><strong>cicutae,</strong></span> <span class='ocrx_word' id='word_1_204' title='bbox 1180 2651 1272 2726; x_wconf 94' lang='lat' dir='ltr'><strong>quod</strong></span> <span class='ocrx_word' id='word_1_205' title='bbox 1292 2652 1368 2711; x_wconf 92' lang='lat' dir='ltr'><strong>doc-</strong></span> 
     </span>
     <span class='ocr_line' id='line_1_27' title="bbox 220 2731 1368 2803; baseline 0.003 -13"><span class='ocrx_word' id='word_1_206' title='bbox 220 2732 386 2802; x_wconf 88' lang='lat' dir='ltr'><strong>tissimus,</strong></span> <span class='ocrx_word' id='word_1_207' title='bbox 408 2733 426 2790; x_wconf 93' lang='lat' dir='ltr'><strong>i.</strong></span> <span class='ocrx_word' id='word_1_208' title='bbox 450 2731 592 2803; x_wconf 90' lang='lat' dir='ltr'><strong>Socrates,</strong></span> <span class='ocrx_word' id='word_1_209' title='bbox 622 2747 700 2790; x_wconf 90' lang='lat' dir='ltr'><strong>reus</strong></span> <span class='ocrx_word' id='word_1_210' title='bbox 728 2731 823 2790; x_wconf 85' lang='lat' dir='ltr'><strong>Aniti</strong></span> <span class='ocrx_word' id='word_1_211' title='bbox 852 2731 934 2790; x_wconf 89' lang='lat' dir='ltr'><strong>olim</strong></span> <span class='ocrx_word' id='word_1_212' title='bbox 962 2733 1066 2791; x_wconf 88' lang='lat' dir='ltr'><strong>bibit:</strong></span> <span class='ocrx_word' id='word_1_213' title='bbox 1101 2732 1170 2790; x_wconf 93' lang='lat' dir='ltr'><strong>dico</strong></span> <span class='ocrx_word' id='word_1_214' title='bbox 1197 2733 1298 2792; x_wconf 88' lang='lat' dir='ltr'><strong>bibas</strong></span> <span class='ocrx_word' id='word_1_215' title='bbox 1327 2735 1368 2794; x_wconf 91' lang='lat' dir='ltr'><strong>sic</strong></span> 
     </span>
     <span class='ocr_line' id='line_1_28' title="bbox 221 2810 1370 2892; baseline 0.003 -21"><span class='ocrx_word' id='word_1_216' title='bbox 221 2812 374 2871; x_wconf 90' lang='lat' dir='ltr'><strong>sollicito</strong></span> <span class='ocrx_word' id='word_1_217' title='bbox 396 2830 454 2871; x_wconf 94' lang='lat' dir='ltr'><strong>ore</strong></span> <span class='ocrx_word' id='word_1_218' title='bbox 476 2814 583 2871; x_wconf 92' lang='lat' dir='ltr'><strong>ueluti</strong></span> <span class='ocrx_word' id='word_1_219' title='bbox 603 2813 666 2888; x_wconf 92' lang='lat' dir='ltr'><strong>ipse</strong></span> <span class='ocrx_word' id='word_1_220' title='bbox 685 2810 820 2874; x_wconf 87' lang='lat' dir='ltr'><strong>Socrates</strong></span> <span class='ocrx_word' id='word_1_221' title='bbox 840 2813 928 2872; x_wconf 89' lang='lat' dir='ltr'><strong>bibit</strong></span> <span class='ocrx_word' id='word_1_222' title='bbox 948 2814 1199 2892; x_wconf 86' lang='lat' dir='ltr'><strong>imperturbato</strong></span> <span class='ocrx_word' id='word_1_223' title='bbox 1216 2832 1285 2888; x_wconf 89' lang='lat' dir='ltr'><strong>ore,</strong></span> <span class='ocrx_word' id='word_1_224' title='bbox 1301 2817 1370 2892; x_wconf 92' lang='lat' dir='ltr'><strong>quia</strong></span> 
     </span>
     <span class='ocr_line' id='line_1_29' title="bbox 220 2894 763 2954; baseline 0.004 -2"><span class='ocrx_word' id='word_1_225' title='bbox 220 2912 281 2952; x_wconf 89' lang='lat' dir='ltr'><strong>non</strong></span> <span class='ocrx_word' id='word_1_226' title='bbox 296 2895 390 2952; x_wconf 88' lang='lat' dir='ltr'><strong>timuit</strong></span> <span class='ocrx_word' id='word_1_227' title='bbox 404 2907 432 2952; x_wconf 90' lang='lat' dir='ltr'><strong>et</strong></span> <span class='ocrx_word' id='word_1_228' title='bbox 446 2895 517 2952; x_wconf 89' lang='lat' dir='ltr'><strong>nihil</strong></span> <span class='ocrx_word' id='word_1_229' title='bbox 532 2895 630 2954; x_wconf 91' lang='lat' dir='ltr'><strong>nocuit</strong></span> <span class='ocrx_word' id='word_1_230' title='bbox 644 2895 679 2953; x_wconf 90' lang='lat' dir='ltr'><strong>ei.</strong></span> <span class='ocrx_word' id='word_1_231' title='bbox 731 2894 763 2954; x_wconf 83' lang='lat' dir='ltr'><strong>C.</strong></span> 
     </span>
    </p>

    <p class='ocr_par' dir='ltr' id='par_1_11' title="bbox 220 2975 1371 3300">
     <span class='ocr_line' id='line_1_30' title="bbox 263 2975 1371 3054; baseline 0.005 -22"><span class='ocrx_word' id='word_1_232' title='bbox 263 2978 331 3049; x_wconf 89' lang='lat'><strong>561.</strong></span> <span class='ocrx_word' id='word_1_233' title='bbox 353 2975 426 3034; x_wconf 92' lang='lat' dir='ltr'><strong>Nec</strong></span> <span class='ocrx_word' id='word_1_234' title='bbox 446 2977 509 3035; x_wconf 92' lang='lat' dir='ltr'><strong>tibi</strong></span> <span class='ocrx_word' id='word_1_235' title='bbox 528 2978 556 3035; x_wconf 89' lang='lat' dir='ltr'><strong>si</strong></span> <span class='ocrx_word' id='word_1_236' title='bbox 571 2978 653 3052; x_wconf 90' lang='lat' dir='ltr'><strong>quid</strong></span> <span class='ocrx_word' id='word_1_237' title='bbox 673 2996 789 3036; x_wconf 52' lang='lat' dir='ltr'><strong>amasa</strong></span> <span class='ocrx_word' id='word_1_238' title='bbox 857 2976 977 3035; x_wconf 90' lang='lat' dir='ltr'><strong>Haemo</strong></span> <span class='ocrx_word' id='word_1_239' title='bbox 997 2994 1065 3036; x_wconf 90' lang='lat' dir='ltr'><strong>cum</strong></span> <span class='ocrx_word' id='word_1_240' title='bbox 1079 2977 1186 3040; x_wconf 88' lang='lat' dir='ltr'><strong>†filiam</strong></span> <span class='ocrx_word' id='word_1_241' title='bbox 1202 2977 1371 3054; x_wconf 90' lang='lat' dir='ltr'><strong>Rhodopen</strong></span> 
     </span>
     <span class='ocr_line' id='line_1_31' title="bbox 221 3056 1369 3136; baseline 0.003 -22"><span class='ocrx_word' id='word_1_242' title='bbox 221 3056 362 3116; x_wconf 90' lang='lat' dir='ltr'><strong>Haemon</strong></span> <span class='ocrx_word' id='word_1_243' title='bbox 379 3076 446 3116; x_wconf 92' lang='lat' dir='ltr'><strong>cum</strong></span> <span class='ocrx_word' id='word_1_244' title='bbox 466 3076 565 3116; x_wconf 89' lang='lat' dir='ltr'><strong>sorore</strong></span> <span class='ocrx_word' id='word_1_245' title='bbox 579 3077 647 3134; x_wconf 90' lang='lat' dir='ltr'><strong>prae</strong></span> <span class='ocrx_word' id='word_1_246' title='bbox 662 3059 775 3136; x_wconf 87' lang='lat' dir='ltr'><strong>pudore</strong></span> <span class='ocrx_word' id='word_1_247' title='bbox 816 3061 935 3134; x_wconf 89' lang='lat' dir='ltr'><strong>turpiter</strong></span> <span class='ocrx_word' id='word_1_248' title='bbox 944 3069 1189 3135; x_wconf 69' lang='lat' dir='ltr'><strong>amaretuterque</strong></span> <span class='ocrx_word' id='word_1_249' title='bbox 1198 3061 1227 3117; x_wconf 95' lang='lat' dir='ltr'><strong>in</strong></span> <span class='ocrx_word' id='word_1_250' title='bbox 1237 3071 1369 3118; x_wconf 88' lang='lat' dir='ltr'><strong>montem</strong></span> 
     </span>
     <span class='ocr_line' id='line_1_32' title="bbox 221 3139 1370 3214; baseline 0.003 -18"><span class='ocrx_word' id='word_1_251' title='bbox 221 3140 313 3214; x_wconf 90' lang='lat' dir='ltr'><strong>periit.</strong></span> <span class='ocrx_word' id='word_1_252' title='bbox 356 3140 400 3197; x_wconf 90' lang='lat' dir='ltr'><strong>vel</strong></span> <span class='ocrx_word' id='word_1_253' title='bbox 418 3139 505 3209; x_wconf 87' lang='lat' dir='ltr'><strong>aliter,</strong></span> <span class='ocrx_word' id='word_1_254' title='bbox 520 3159 595 3198; x_wconf 84' lang='lat' dir='ltr'><strong>uxor</strong></span> <span class='ocrx_word' id='word_1_255' title='bbox 610 3141 775 3199; x_wconf 90' lang='lat' dir='ltr'><strong>Haemonis</strong></span> <span class='ocrx_word' id='word_1_256' title='bbox 817 3141 861 3198; x_wconf 93' lang='lat' dir='ltr'><strong>sui</strong></span> <span class='ocrx_word' id='word_1_257' title='bbox 879 3141 1007 3198; x_wconf 90' lang='lat' dir='ltr'><strong>nominis</strong></span> <span class='ocrx_word' id='word_1_258' title='bbox 1027 3141 1171 3200; x_wconf 90' lang='lat' dir='ltr'><strong>obduruit.</strong></span> <span class='ocrx_word' id='word_1_259' title='bbox 1220 3141 1286 3202; x_wconf 88' lang='lat' dir='ltr'><strong>Cod.</strong></span> <span class='ocrx_word' id='word_1_260' title='bbox 1302 3142 1370 3202; x_wconf 87' lang='lat' dir='ltr'><strong>Sol·</strong></span> 
     </span>
     <span class='ocr_line' id='line_1_33' title="bbox 220 3221 926 3300; baseline 0.004 -23"><span class='ocrx_word' id='word_1_261' title='bbox 220 3221 314 3296; x_wconf 91' lang='lat' dir='ltr'><strong>prima</strong></span> <span class='ocrx_word' id='word_1_262' title='bbox 327 3231 415 3280; x_wconf 89' lang='lat' dir='ltr'><strong>nocte</strong></span> <span class='ocrx_word' id='word_1_263' title='bbox 429 3230 543 3280; x_wconf 90' lang='lat' dir='ltr'><strong>mortua</strong></span> <span class='ocrx_word' id='word_1_264' title='bbox 556 3222 625 3298; x_wconf 91' lang='lat' dir='ltr'><strong>quia</strong></span> <span class='ocrx_word' id='word_1_265' title='bbox 639 3223 776 3281; x_wconf 89' lang='lat' dir='ltr'><strong>omnibus</strong></span> <span class='ocrx_word' id='word_1_266' title='bbox 818 3224 926 3300; x_wconf 79' lang='lat' dir='ltr'><strong>uagm&#39;e&#39;.</strong></span> 
     </span>
    </p>
   </div>
   <div class='ocr_carea' id='block_1_3' title="bbox 228 3371 1370 3513">
    <p class='ocr_par' dir='ltr' id='par_1_12' title="bbox 228 3371 1370 3513">
     <span class='ocr_line' id='line_1_34' title="bbox 228 3371 788 3444; baseline 0.009 -22"><span class='ocrx_word' id='word_1_267' title='bbox 228 3419 229 3422; x_wconf 75' lang='grc'>,</span> <span class='ocrx_word' id='word_1_268' title='bbox 258 3375 319 3438; x_wconf 82' lang='lat'><strong>556.</strong></span> <span class='ocrx_word' id='word_1_269' title='bbox 337 3371 465 3427; x_wconf 81' lang='lat' dir='ltr'><strong>methac</strong></span> <span class='ocrx_word' id='word_1_270' title='bbox 499 3373 562 3428; x_wconf 83' lang='lat' dir='ltr'><strong>Met.</strong></span> <span class='ocrx_word' id='word_1_271' title='bbox 575 3377 657 3428; x_wconf 90' lang='lat' dir='ltr'><strong>XIII.</strong></span> <span class='ocrx_word' id='word_1_272' title='bbox 670 3392 722 3440; x_wconf 85' lang='lat'><strong>904</strong></span> <span class='ocrx_word' id='word_1_273' title='bbox 735 3395 788 3444; x_wconf 89' lang='lat' dir='ltr'><strong>sqq.</strong></span> 
     </span>
     <span class='ocr_line' id='line_1_35' title="bbox 258 3443 1370 3513; baseline 0.008 -20"><span class='ocrx_word' id='word_1_274' title='bbox 258 3459 319 3508; x_wconf 84' lang='lat'><strong>557.</strong></span> <span class='ocrx_word' id='word_1_275' title='bbox 337 3443 447 3506; x_wconf 91' lang='lat' dir='ltr'><strong>†nolem</strong></span> <span class='ocrx_word' id='word_1_276' title='bbox 458 3446 501 3497; x_wconf 91' lang='lat' dir='ltr'><strong>An</strong></span> <span class='ocrx_word' id='word_1_277' title='bbox 512 3445 651 3498; x_wconf 82' lang='lat' dir='ltr'><strong>nobilem?</strong></span> <span class='ocrx_word' id='word_1_278' title='bbox 679 3446 816 3513; x_wconf 88' lang='lat' dir='ltr'><strong>quendam</strong></span> <span class='ocrx_word' id='word_1_279' title='bbox 824 3445 950 3512; x_wconf 85' lang='lat' dir='ltr'><strong>glaucrnn</strong></span> <span class='ocrx_word' id='word_1_280' title='bbox 960 3445 1072 3499; x_wconf 87' lang='lat' dir='ltr'><strong>nomine</strong></span> <span class='ocrx_word' id='word_1_281' title='bbox 1081 3446 1147 3502; x_wconf 88' lang='lat' dir='ltr'><strong>Ask</strong></span> <span class='ocrx_word' id='word_1_282' title='bbox 1210 3447 1370 3503; x_wconf 90' lang='lat' dir='ltr'><strong>anchedone</strong></span> 
     </span>
    </p>
   </div>
   <div class='ocr_carea' id='block_1_4' title="bbox 124 3515 1371 3585">
    <p class='ocr_par' dir='ltr' id='par_1_13' title="bbox 124 3515 1371 3585">
     <span class='ocr_line' id='line_1_36' title="bbox 124 3515 1371 3585; baseline 0.004 -18"><span class='ocrx_word' id='word_1_283' title='bbox 124 3529 126 3532; x_wconf 78' lang='grc'>’</span> <span class='ocrx_word' id='word_1_284' title='bbox 222 3515 299 3568; x_wconf 86' lang='lat' dir='ltr'><strong>Mure</strong></span> <span class='ocrx_word' id='word_1_285' title='bbox 369 3515 445 3567; x_wconf 85' lang='lat' dir='ltr'><strong>littus</strong></span> <span class='ocrx_word' id='word_1_286' title='bbox 463 3517 541 3568; x_wconf 85' lang='lat' dir='ltr'><strong>Mure</strong></span> <span class='ocrx_word' id='word_1_287' title='bbox 576 3517 650 3585; x_wconf 86' lang='lat' dir='ltr'><strong>Quod</strong></span> <span class='ocrx_word' id='word_1_288' title='bbox 662 3517 814 3570; x_wconf 81' lang='lat' dir='ltr'><strong>scholiastae</strong></span> <span class='ocrx_word' id='word_1_289' title='bbox 830 3517 955 3571; x_wconf 85' lang='lat' dir='ltr'><strong>Glaucum</strong></span> <span class='ocrx_word' id='word_1_290' title='bbox 973 3535 1062 3570; x_wconf 84' lang='lat' dir='ltr'><strong>ueneno</strong></span> <span class='ocrx_word' id='word_1_291' title='bbox 1077 3518 1148 3570; x_wconf 81' lang='lat' dir='ltr'><strong>melli</strong></span> <span class='ocrx_word' id='word_1_292' title='bbox 1166 3521 1246 3571; x_wconf 85' lang='lat' dir='ltr'><strong>mixto</strong></span> <span class='ocrx_word' id='word_1_293' title='bbox 1264 3521 1371 3574; x_wconf 86' lang='lat' dir='ltr'><strong>tradunt</strong></span> 
     </span>
    </p>
   </div>
   <div class='ocr_carea' id='block_1_5' title="bbox 219 3586 1374 4650">
    <p class='ocr_par' dir='ltr' id='par_1_14' title="bbox 221 3586 1372 3868">
     <span class='ocr_line' id='line_1_37' title="bbox 221 3586 1372 3655; baseline 0.005 -17"><span class='ocrx_word' id='word_1_294' title='bbox 221 3588 354 3652; x_wconf 85' lang='lat' dir='ltr'><strong>interiisse,</strong></span> <span class='ocrx_word' id='word_1_295' title='bbox 367 3586 515 3652; x_wconf 60' lang='grc' dir='ltr'>ςοτῄνιαιία</span> <span class='ocrx_word' id='word_1_296' title='bbox 533 3599 593 3640; x_wconf 76' lang='lat' dir='ltr'><strong>snat</strong></span> <span class='ocrx_word' id='word_1_297' title='bbox 610 3606 673 3654; x_wconf 77' lang='lat' dir='ltr'><strong>qaae</strong></span> <span class='ocrx_word' id='word_1_298' title='bbox 690 3589 720 3640; x_wconf 88' lang='lat' dir='ltr'><strong>de</strong></span> <span class='ocrx_word' id='word_1_299' title='bbox 737 3609 764 3640; x_wconf 90' lang='lat' dir='ltr'><strong>eo</strong></span> <span class='ocrx_word' id='word_1_300' title='bbox 781 3589 843 3651; x_wconf 85' lang='lat' dir='ltr'><strong>dicit</strong></span> <span class='ocrx_word' id='word_1_301' title='bbox 860 3588 1034 3655; x_wconf 81' lang='lat' dir='ltr'><strong>Palaephatus</strong></span> <span class='ocrx_word' id='word_1_302' title='bbox 1052 3589 1082 3640; x_wconf 88' lang='lat' dir='ltr'><strong>de</strong></span> <span class='ocrx_word' id='word_1_303' title='bbox 1098 3589 1192 3642; x_wconf 86' lang='lat' dir='ltr'><strong>Incred.</strong></span> <span class='ocrx_word' id='word_1_304' title='bbox 1209 3603 1239 3652; x_wconf 84' lang='lat'><strong>27</strong></span> <span class='ocrx_word' id='word_1_305' title='bbox 1257 3591 1372 3646; x_wconf 85' lang='grc' dir='ltr'>Γλαῦκος</span> 
     </span>
     <span class='ocr_line' id='line_1_38' title="bbox 221 3653 1371 3726; baseline 0.003 -15"><span class='ocrx_word' id='word_1_306' title='bbox 221 3657 287 3711; x_wconf 85' lang='grc' dir='ltr'>πιὼν</span> <span class='ocrx_word' id='word_1_307' title='bbox 296 3653 356 3725; x_wconf 83' lang='grc' dir='ltr'>με’λι</span> <span class='ocrx_word' id='word_1_308' title='bbox 366 3656 531 3725; x_wconf 78' lang='grc' dir='ltr'>ἐταράχθη</span> <span class='ocrx_word' id='word_1_309' title='bbox 504 3678 549 3723; x_wconf 91' lang='grc' dir='ltr'><strong>την</strong></span> <span class='ocrx_word' id='word_1_310' title='bbox 558 3658 665 3710; x_wconf 80' lang='grc' dir='ltr'>κοιλίαν·</span> <span class='ocrx_word' id='word_1_311' title='bbox 678 3659 759 3726; x_wconf 77' lang='grc' dir='ltr'>χολῆς</span> <span class='ocrx_word' id='word_1_312' title='bbox 768 3658 832 3710; x_wconf 75' lang='grc' dir='ltr'><strong>δὲ’</strong></span> <span class='ocrx_word' id='word_1_313' title='bbox 804 3679 872 3726; x_wconf 83' lang='grc' dir='ltr'>αυτῳ</span> <span class='ocrx_word' id='word_1_314' title='bbox 861 3657 999 3712; x_wconf 85' lang='grc' dir='ltr'>πλείονος</span> <span class='ocrx_word' id='word_1_315' title='bbox 1008 3658 1151 3723; x_wconf 76' lang='grc' dir='ltr'>κινηθείσης</span> <span class='ocrx_word' id='word_1_316' title='bbox 1158 3658 1371 3726; x_wconf 80' lang='grc' dir='ltr'>ε’λειποθθμησεν.</span> 
     </span>
     <span class='ocr_line' id='line_1_39' title="bbox 222 3710 1371 3798; baseline 0.005 -20"><span class='ocrx_word' id='word_1_317' title='bbox 222 3727 293 3780; x_wconf 85' lang='lat' dir='ltr'><strong>Haec</strong></span> <span class='ocrx_word' id='word_1_318' title='bbox 304 3730 379 3792; x_wconf 86' lang='lat' dir='ltr'><strong>enim,</strong></span> <span class='ocrx_word' id='word_1_319' title='bbox 392 3746 546 3795; x_wconf 85' lang='lat' dir='ltr'><strong>quamquam</strong></span> <span class='ocrx_word' id='word_1_320' title='bbox 558 3729 695 3797; x_wconf 68' lang='lat' dir='ltr'><strong>aulgratam</strong></span> <span class='ocrx_word' id='word_1_321' title='bbox 706 3730 735 3782; x_wconf 87' lang='lat' dir='ltr'><strong>de</strong></span> <span class='ocrx_word' id='word_1_322' title='bbox 748 3729 843 3783; x_wconf 85' lang='lat' dir='ltr'><strong>Glauco</strong></span> <span class='ocrx_word' id='word_1_323' title='bbox 852 3710 935 3795; x_wconf 64' lang='lat' dir='ltr'><strong>Jahn</strong></span> <span class='ocrx_word' id='word_1_324' title='bbox 933 3747 977 3780; x_wconf 89' lang='lat' dir='ltr'><strong>am</strong></span> <span class='ocrx_word' id='word_1_325' title='bbox 989 3731 1017 3781; x_wconf 81' lang='lat' dir='ltr'><strong>in</strong></span> <span class='ocrx_word' id='word_1_326' title='bbox 1029 3730 1189 3781; x_wconf 83' lang='lat' dir='ltr'><strong>uerisimilius</strong></span> <span class='ocrx_word' id='word_1_327' title='bbox 1201 3732 1371 3798; x_wconf 86' lang='lat' dir='ltr'><strong>interpretan-</strong></span> 
     </span>
     <span class='ocr_line' id='line_1_40' title="bbox 221 3798 1345 3868; baseline 0.002 -16"><span class='ocrx_word' id='word_1_328' title='bbox 221 3808 274 3863; x_wconf 85' lang='lat' dir='ltr'><strong>tur,</strong></span> <span class='ocrx_word' id='word_1_329' title='bbox 283 3811 332 3867; x_wconf 86' lang='lat' dir='ltr'><strong>pro</strong></span> <span class='ocrx_word' id='word_1_330' title='bbox 344 3801 400 3866; x_wconf 82' lang='lat' dir='ltr'><strong>spsa</strong></span> <span class='ocrx_word' id='word_1_331' title='bbox 402 3798 502 3864; x_wconf 84' lang='lat' dir='ltr'><strong>fabua</strong></span> <span class='ocrx_word' id='word_1_332' title='bbox 513 3810 631 3868; x_wconf 85' lang='lat' dir='ltr'><strong>poterant</strong></span> <span class='ocrx_word' id='word_1_333' title='bbox 642 3803 799 3852; x_wconf 75' lang='lat' dir='ltr'><strong>innotescere.</strong></span> <span class='ocrx_word' id='word_1_334' title='bbox 844 3798 1056 3867; x_wconf 78' lang='lat' dir='ltr'><strong>pothnyaMnre</strong></span> <span class='ocrx_word' id='word_1_335' title='bbox 1091 3799 1247 3851; x_wconf 83' lang='lat' dir='ltr'><strong>imtamtum</strong></span> <span class='ocrx_word' id='word_1_336' title='bbox 1260 3802 1345 3856; x_wconf 87' lang='lat' dir='ltr'><strong>Mare.</strong></span> 
     </span>
    </p>

    <p class='ocr_par' dir='ltr' id='par_1_15' title="bbox 219 3869 1374 4363">
     <span class='ocr_line' id='line_1_41' title="bbox 259 3869 1369 3937; baseline 0.005 -16"><span class='ocrx_word' id='word_1_337' title='bbox 259 3885 320 3934; x_wconf 85' lang='lat'><strong>559.</strong></span> <span class='ocrx_word' id='word_1_338' title='bbox 338 3871 363 3922; x_wconf 88' lang='lat' dir='ltr'><strong>h.</strong></span> <span class='ocrx_word' id='word_1_339' title='bbox 373 3888 392 3922; x_wconf 89' lang='lat' dir='ltr'><strong>e.</strong></span> <span class='ocrx_word' id='word_1_340' title='bbox 417 3869 501 3937; x_wconf 85' lang='lat' dir='ltr'><strong>Qrasi</strong></span> <span class='ocrx_word' id='word_1_341' title='bbox 524 3869 597 3921; x_wconf 85' lang='lat' dir='ltr'><strong>dicat</strong></span> <span class='ocrx_word' id='word_1_342' title='bbox 672 3873 796 3923; x_wconf 84' lang='lat' dir='ltr'><strong>Sacrates</strong></span> <span class='ocrx_word' id='word_1_343' title='bbox 816 3871 842 3924; x_wconf 85' lang='lat' dir='ltr'><strong>G·</strong></span> <span class='ocrx_word' id='word_1_344' title='bbox 909 3872 994 3922; x_wconf 88' lang='lat' dir='ltr'><strong>Paria</strong></span> <span class='ocrx_word' id='word_1_345' title='bbox 1012 3889 1070 3923; x_wconf 88' lang='lat' dir='ltr'><strong>cum</strong></span> <span class='ocrx_word' id='word_1_346' title='bbox 1089 3870 1202 3924; x_wconf 84' lang='lat' dir='ltr'><strong>Chabet</strong></span> <span class='ocrx_word' id='word_1_347' title='bbox 1220 3872 1296 3924; x_wconf 89' lang='lat' dir='ltr'><strong>Mure</strong></span> <span class='ocrx_word' id='word_1_348' title='bbox 1313 3891 1369 3927; x_wconf 69' lang='lat' dir='ltr'><strong>aa.</strong></span> 
     </span>
     <span class='ocr_line' id='line_1_42' title="bbox 223 3940 1369 4011; baseline 0.003 -20"><span class='ocrx_word' id='word_1_349' title='bbox 223 3940 351 3992; x_wconf 87' lang='lat' dir='ltr'><strong>Socrates</strong></span> <span class='ocrx_word' id='word_1_350' title='bbox 448 3941 589 3993; x_wconf 86' lang='lat' dir='ltr'><strong>AnetusG</strong></span> <span class='ocrx_word' id='word_1_351' title='bbox 675 3941 785 3995; x_wconf 87' lang='lat' dir='ltr'><strong>anetiG</strong></span> <span class='ocrx_word' id='word_1_352' title='bbox 871 3941 1001 3995; x_wconf 83' lang='lat' dir='ltr'><strong>secutec</strong></span> <span class='ocrx_word' id='word_1_353' title='bbox 1087 3941 1172 4009; x_wconf 85' lang='lat' dir='ltr'><strong>proC</strong></span> <span class='ocrx_word' id='word_1_354' title='bbox 1254 3941 1369 4011; x_wconf 92' lang='lat' dir='ltr'><strong>dilecto]</strong></span> 
     </span>
     <span class='ocr_line' id='line_1_43' title="bbox 223 4010 1370 4082; baseline 0.004 -20"><span class='ocrx_word' id='word_1_355' title='bbox 223 4010 363 4064; x_wconf 83' lang='lat' dir='ltr'><strong>inluctOG</strong></span> <span class='ocrx_word' id='word_1_356' title='bbox 432 4011 579 4079; x_wconf 82' lang='lat' dir='ltr'><strong>Discipalus</strong></span> <span class='ocrx_word' id='word_1_357' title='bbox 595 4012 707 4065; x_wconf 86' lang='lat' dir='ltr'><strong>Socratis</strong></span> <span class='ocrx_word' id='word_1_358' title='bbox 722 4013 820 4078; x_wconf 80' lang='lat' dir='ltr'><strong>Anytus</strong></span> <span class='ocrx_word' id='word_1_359' title='bbox 839 4031 886 4065; x_wconf 87' lang='lat' dir='ltr'><strong>non</strong></span> <span class='ocrx_word' id='word_1_360' title='bbox 896 4013 973 4078; x_wconf 86' lang='lat' dir='ltr'><strong>fuit;</strong></span> <span class='ocrx_word' id='word_1_361' title='bbox 990 4013 1036 4064; x_wconf 85' lang='lat' dir='ltr'><strong>sed</strong></span> <span class='ocrx_word' id='word_1_362' title='bbox 1050 4012 1089 4064; x_wconf 88' lang='lat' dir='ltr'><strong>dis</strong></span> <span class='ocrx_word' id='word_1_363' title='bbox 1086 4013 1191 4082; x_wconf 84' lang='lat' dir='ltr'><strong>putanti</strong></span> <span class='ocrx_word' id='word_1_364' title='bbox 1203 4014 1303 4066; x_wconf 86' lang='lat' dir='ltr'><strong>Socrati</strong></span> <span class='ocrx_word' id='word_1_365' title='bbox 1321 4016 1370 4066; x_wconf 89' lang='lat' dir='ltr'><strong>ad-</strong></span> 
     </span>
     <span class='ocr_line' id='line_1_44' title="bbox 219 4082 1374 4153; baseline 0.004 -19"><span class='ocrx_word' id='word_1_366' title='bbox 219 4083 303 4146; x_wconf 79' lang='lat' dir='ltr'><strong>fuisse</strong></span> <span class='ocrx_word' id='word_1_367' title='bbox 321 4083 404 4147; x_wconf 81' lang='lat' dir='ltr'><strong>Anyti</strong></span> <span class='ocrx_word' id='word_1_368' title='bbox 424 4082 508 4146; x_wconf 83' lang='lat' dir='ltr'><strong>filium</strong></span> <span class='ocrx_word' id='word_1_369' title='bbox 530 4082 591 4134; x_wconf 88' lang='lat' dir='ltr'><strong>dicit</strong></span> <span class='ocrx_word' id='word_1_370' title='bbox 611 4085 720 4152; x_wconf 83' lang='lat' dir='ltr'><strong>scriptor</strong></span> <span class='ocrx_word' id='word_1_371' title='bbox 740 4085 931 4152; x_wconf 84' lang='lat' dir='ltr'><strong>Xenophonteae</strong></span> <span class='ocrx_word' id='word_1_372' title='bbox 952 4084 1029 4151; x_wconf 84' lang='lat' dir='ltr'><strong>Apol.</strong></span> <span class='ocrx_word' id='word_1_373' title='bbox 1052 4084 1104 4137; x_wconf 85' lang='lat' dir='ltr'><strong>Soc.</strong></span> <span class='ocrx_word' id='word_1_374' title='bbox 1127 4101 1168 4148; x_wconf 81' lang='lat'><strong>29,</strong></span> <span class='ocrx_word' id='word_1_375' title='bbox 1193 4101 1234 4148; x_wconf 86' lang='lat'><strong>30.</strong></span> <span class='ocrx_word' id='word_1_376' title='bbox 1256 4085 1328 4153; x_wconf 86' lang='lat' dir='ltr'><strong>Quae</strong></span> <span class='ocrx_word' id='word_1_377' title='bbox 1351 4087 1374 4139; x_wconf 90' lang='lat' dir='ltr'><em>C</em></span> 
     </span>
     <span class='ocr_line' id='line_1_45' title="bbox 222 4150 1372 4223; baseline 0.003 -19"><span class='ocrx_word' id='word_1_378' title='bbox 222 4152 295 4205; x_wconf 80' lang='lat' dir='ltr'><strong>addit</strong></span> <span class='ocrx_word' id='word_1_379' title='bbox 313 4153 343 4205; x_wconf 87' lang='lat' dir='ltr'><strong>de</strong></span> <span class='ocrx_word' id='word_1_380' title='bbox 361 4150 503 4216; x_wconf 85' lang='lat' dir='ltr'><strong>Alcibiade,</strong></span> <span class='ocrx_word' id='word_1_381' title='bbox 523 4154 602 4205; x_wconf 87' lang='lat' dir='ltr'><strong>nescio</strong></span> <span class='ocrx_word' id='word_1_382' title='bbox 619 4173 654 4206; x_wconf 92' lang='lat' dir='ltr'><strong>an</strong></span> <span class='ocrx_word' id='word_1_383' title='bbox 672 4174 704 4206; x_wconf 86' lang='lat' dir='ltr'><strong>ex</strong></span> <span class='ocrx_word' id='word_1_384' title='bbox 721 4157 824 4223; x_wconf 86' lang='lat' dir='ltr'><strong>antiquo</strong></span> <span class='ocrx_word' id='word_1_385' title='bbox 835 4157 911 4221; x_wconf 87' lang='lat' dir='ltr'><strong>fonte</strong></span> <span class='ocrx_word' id='word_1_386' title='bbox 927 4154 1046 4212; x_wconf 82' lang='lat' dir='ltr'><strong>deriuata</strong></span> <span class='ocrx_word' id='word_1_387' title='bbox 1068 4155 1127 4219; x_wconf 86' lang='lat' dir='ltr'><strong>sint,</strong></span> <span class='ocrx_word' id='word_1_388' title='bbox 1147 4154 1189 4207; x_wconf 86' lang='lat' dir='ltr'><strong>ubi</strong></span> <span class='ocrx_word' id='word_1_389' title='bbox 1207 4155 1319 4207; x_wconf 88' lang='lat' dir='ltr'><strong>traditus</strong></span> <span class='ocrx_word' id='word_1_390' title='bbox 1337 4159 1372 4208; x_wconf 90' lang='lat' dir='ltr'><strong>sit</strong></span> 
     </span>
     <span class='ocr_line' id='line_1_46' title="bbox 223 4223 1372 4292; baseline 0.004 -18"><span class='ocrx_word' id='word_1_391' title='bbox 223 4224 338 4274; x_wconf 86' lang='lat' dir='ltr'><strong>Socrates</strong></span> <span class='ocrx_word' id='word_1_392' title='bbox 357 4241 413 4274; x_wconf 82' lang='lat' dir='ltr'><strong>cnm</strong></span> <span class='ocrx_word' id='word_1_393' title='bbox 432 4224 518 4288; x_wconf 82' lang='lat' dir='ltr'><strong>Anyto</strong></span> <span class='ocrx_word' id='word_1_394' title='bbox 535 4225 573 4276; x_wconf 86' lang='lat' dir='ltr'><strong>ita</strong></span> <span class='ocrx_word' id='word_1_395' title='bbox 591 4225 732 4277; x_wconf 84' lang='lat' dir='ltr'><strong>coniunctus</strong></span> <span class='ocrx_word' id='word_1_396' title='bbox 744 4227 832 4291; x_wconf 86' lang='lat' dir='ltr'><strong>fuisse</strong></span> <span class='ocrx_word' id='word_1_397' title='bbox 851 4236 879 4278; x_wconf 85' lang='lat' dir='ltr'><strong>ut</strong></span> <span class='ocrx_word' id='word_1_398' title='bbox 899 4236 998 4292; x_wconf 85' lang='lat' dir='ltr'><strong>uterque</strong></span> <span class='ocrx_word' id='word_1_399' title='bbox 1015 4223 1158 4278; x_wconf 83' lang='lat' dir='ltr'><strong>Alcibiadis</strong></span> <span class='ocrx_word' id='word_1_400' title='bbox 1181 4237 1286 4278; x_wconf 86' lang='lat' dir='ltr'><strong>amator</strong></span> <span class='ocrx_word' id='word_1_401' title='bbox 1308 4238 1372 4280; x_wconf 87' lang='lat' dir='ltr'><strong>esset</strong></span> 
     </span>
     <span class='ocr_line' id='line_1_47' title="bbox 225 4293 969 4363; baseline 0.001 -19"><span class='ocrx_word' id='word_1_402' title='bbox 225 4293 319 4362; x_wconf 86' lang='lat' dir='ltr'><strong>(Schol.</strong></span> <span class='ocrx_word' id='word_1_403' title='bbox 331 4294 404 4348; x_wconf 88' lang='lat' dir='ltr'><strong>Plat</strong></span> <span class='ocrx_word' id='word_1_404' title='bbox 417 4294 492 4362; x_wconf 92' lang='lat' dir='ltr'><strong>Apol.</strong></span> <span class='ocrx_word' id='word_1_405' title='bbox 507 4295 575 4348; x_wconf 86' lang='lat' dir='ltr'><strong>Socr.</strong></span> <span class='ocrx_word' id='word_1_406' title='bbox 583 4306 611 4363; x_wconf 87' lang='lat' dir='ltr'><strong>p</strong></span> <span class='ocrx_word' id='word_1_407' title='bbox 627 4300 668 4360; x_wconf 80' lang='lat'><strong>28,</strong></span> <span class='ocrx_word' id='word_1_408' title='bbox 681 4296 750 4350; x_wconf 69' lang='lat' dir='ltr'><strong>Pla</strong></span> <span class='ocrx_word' id='word_1_409' title='bbox 761 4298 883 4349; x_wconf 86' lang='lat' dir='ltr'><strong>Amator.</strong></span> <span class='ocrx_word' id='word_1_410' title='bbox 896 4293 969 4362; x_wconf 79' lang='lat'><strong>762).</strong></span> 
     </span>
    </p>

    <p class='ocr_par' dir='ltr' id='par_1_16' title="bbox 223 4365 1373 4650">
     <span class='ocr_line' id='line_1_48' title="bbox 261 4365 1371 4455; baseline 0.006 -41"><span class='ocrx_word' id='word_1_411' title='bbox 261 4367 320 4428; x_wconf 86' lang='lat'><strong>561.</strong></span> <span class='ocrx_word' id='word_1_412' title='bbox 340 4366 465 4417; x_wconf 84' lang='lat' dir='ltr'><strong>Incestum</strong></span> <span class='ocrx_word' id='word_1_413' title='bbox 484 4365 620 4417; x_wconf 86' lang='lat' dir='ltr'><strong>Haemonis</strong></span> <span class='ocrx_word' id='word_1_414' title='bbox 641 4367 706 4434; x_wconf 85' lang='lat' dir='ltr'><strong>quod</strong></span> <span class='ocrx_word' id='word_1_415' title='bbox 722 4368 763 4419; x_wconf 89' lang='lat' dir='ltr'><strong>hic</strong></span> <span class='ocrx_word' id='word_1_416' title='bbox 781 4378 895 4455; x_wconf 73' lang='lat' dir='ltr'><strong>narrant</strong></span> <span class='ocrx_word' id='word_1_417' title='bbox 915 4367 938 4419; x_wconf 88' lang='lat' dir='ltr'><strong>G</strong></span> <span class='ocrx_word' id='word_1_418' title='bbox 958 4375 982 4420; x_wconf 89' lang='lat' dir='ltr'><strong>et</strong></span> <span class='ocrx_word' id='word_1_419' title='bbox 1004 4367 1055 4419; x_wconf 88' lang='lat' dir='ltr'><strong>cod</strong></span> <span class='ocrx_word' id='word_1_420' title='bbox 1075 4367 1210 4453; x_wconf 83' lang='lat' dir='ltr'><strong>Salnagnii</strong></span> <span class='ocrx_word' id='word_1_421' title='bbox 1226 4367 1257 4419; x_wconf 87' lang='lat' dir='ltr'><strong>de</strong></span> <span class='ocrx_word' id='word_1_422' title='bbox 1273 4368 1371 4421; x_wconf 83' lang='lat' dir='ltr'><strong>Haemo</strong></span> 
     </span>
     <span class='ocr_line' id='line_1_49' title="bbox 223 4433 1372 4530; baseline 0.004 -42"><span class='ocrx_word' id='word_1_423' title='bbox 223 4445 320 4489; x_wconf 87' lang='lat' dir='ltr'><strong>narrat</strong></span> <span class='ocrx_word' id='word_1_424' title='bbox 331 4435 489 4488; x_wconf 79' lang='lat' dir='ltr'><strong>Plutarchus</strong></span> <span class='ocrx_word' id='word_1_425' title='bbox 505 4436 534 4524; x_wconf 78' lang='lat' dir='ltr'><strong>de</strong></span> <span class='ocrx_word' id='word_1_426' title='bbox 547 4437 644 4489; x_wconf 86' lang='lat' dir='ltr'><strong>Flauiis</strong></span> <span class='ocrx_word' id='word_1_427' title='bbox 658 4439 710 4491; x_wconf 86' lang='lat' dir='ltr'><strong>XI.</strong></span> <span class='ocrx_word' id='word_1_428' title='bbox 727 4437 890 4506; x_wconf 80' lang='grc' dir='ltr'>παράκεινται</span> <span class='ocrx_word' id='word_1_429' title='bbox 910 4433 931 4489; x_wconf 79' lang='grc' dir='ltr'><strong>δ’</strong></span> <span class='ocrx_word' id='word_1_430' title='bbox 950 4457 1017 4507; x_wconf 84' lang='grc' dir='ltr'>αυτῳ</span> <span class='ocrx_word' id='word_1_431' title='bbox 1033 4435 1079 4505; x_wconf 83' lang='grc' dir='ltr'><strong>ὅρη</strong></span> <span class='ocrx_word' id='word_1_432' title='bbox 1095 4435 1203 4504; x_wconf 83' lang='grc' dir='ltr'>Ῥοδόπη</span> <span class='ocrx_word' id='word_1_433' title='bbox 1223 4438 1262 4490; x_wconf 77' lang='lat' dir='ltr'><strong>nol</strong></span> <span class='ocrx_word' id='word_1_434' title='bbox 1282 4434 1372 4530; x_wconf 76' lang='grc' dir='ltr'>Αἶηιος</span> 
     </span>
     <span class='ocr_line' id='line_1_50' title="bbox 224 4489 1373 4598; baseline 0.006 -42"><span class='ocrx_word' id='word_1_435' title='bbox 224 4503 294 4559; x_wconf 89' lang='grc' dir='ltr'>ουτοι</span> <span class='ocrx_word' id='word_1_436' title='bbox 309 4503 421 4575; x_wconf 81' lang='grc' dir='ltr'>ἀδελφοὶ</span> <span class='ocrx_word' id='word_1_437' title='bbox 436 4505 607 4594; x_wconf 78' lang='grc' dir='ltr'>τυγχάνοντες</span> <span class='ocrx_word' id='word_1_438' title='bbox 626 4507 666 4559; x_wconf 76' lang='grc' dir='ltr'><strong>καὶ</strong></span> <span class='ocrx_word' id='word_1_439' title='bbox 684 4506 720 4562; x_wconf 74' lang='grc' dir='ltr'><strong>εἷς</strong></span> <span class='ocrx_word' id='word_1_440' title='bbox 735 4507 871 4576; x_wconf 72' lang='grc' dir='ltr'>ἐπιθυμίαν</span> <span class='ocrx_word' id='word_1_441' title='bbox 887 4489 1011 4598; x_wconf 73' lang='grc' dir='ltr'>ὀλληλων</span> <span class='ocrx_word' id='word_1_442' title='bbox 1023 4507 1262 4576; x_wconf 77' lang='grc' dir='ltr'>ἐμπεσόντες,ὀ</span> <span class='ocrx_word' id='word_1_443' title='bbox 1231 4529 1278 4577; x_wconf 77' lang='grc' dir='ltr'><strong>μιν</strong></span> <span class='ocrx_word' id='word_1_444' title='bbox 1294 4510 1373 4576; x_wconf 83' lang='grc' dir='ltr'>αὐτην</span> 
     </span>
     <span class='ocr_line' id='line_1_51' title="bbox 219 4572 1373 4650; baseline 0.006 -23.086"><span class='ocrx_word' id='word_1_445' title='bbox 219 4572 306 4645; x_wconf 85' lang='grc' dir='ltr'>Ἥραν</span> <span class='ocrx_word' id='word_1_446' title='bbox 314 4575 558 4646; x_wconf 71' lang='grc' dir='ltr'>προσηγόρευσεν,’</span> <span class='ocrx_word' id='word_1_447' title='bbox 546 4599 561 4644; x_wconf 94' lang='grc' dir='ltr'>η</span> <span class='ocrx_word' id='word_1_448' title='bbox 571 4577 599 4630; x_wconf 79' lang='grc' dir='ltr'><strong>δε</strong></span> <span class='ocrx_word' id='word_1_449' title='bbox 611 4577 682 4631; x_wconf 79' lang='grc' dir='ltr'>τὸν’</span> <span class='ocrx_word' id='word_1_450' title='bbox 668 4579 834 4649; x_wconf 77' lang='grc' dir='ltr'>αγαπὼμενον</span> <span class='ocrx_word' id='word_1_451' title='bbox 843 4577 902 4633; x_wconf 87' lang='grc' dir='ltr'><strong>Διά.</strong></span> <span class='ocrx_word' id='word_1_452' title='bbox 920 4577 999 4631; x_wconf 75' lang='grc' dir='ltr'><strong>οἶδΗ</strong></span> <span class='ocrx_word' id='word_1_453' title='bbox 985 4600 1147 4650; x_wconf 84' lang='grc' dir='ltr'>ατιμουμενοι</span> <span class='ocrx_word' id='word_1_454' title='bbox 1157 4579 1250 4634; x_wconf 79' lang='grc' dir='ltr'>θεοὶ</span> <span class='ocrx_word' id='word_1_455' title='bbox 1224 4601 1269 4648; x_wconf 91' lang='grc' dir='ltr'><strong>την</strong></span> <span class='ocrx_word' id='word_1_456' title='bbox 1277 4581 1373 4649; x_wconf 83' lang='grc' dir='ltr'>πρᾶξιν</span> 
     </span>
    </p>
   </div>
   <div class='ocr_carea' id='block_1_6' title="bbox 0 0 1668 5200">
    <p class='ocr_par' dir='ltr' id='par_1_17' title="bbox 0 0 1668 5200">
     <span class='ocr_line' id='line_1_52' title="bbox 0 0 1668 5200; baseline 0 0"><span class='ocrx_word' id='word_1_457' title='bbox 0 0 1668 5200; x_wconf 95' lang='lat' dir='ltr'><strong> </strong></span> 
     </span>
    </p>
   </div>
  </div>
 </body>
</html>
