3294 5214
275 444 344 506 xxiv
690 439 1017 502 PROLEGOMENA.

275 603 333 661 tria
352 600 476 659 nomina
496 616 558 657 non
582 598 770 675 coniungere,
792 599 846 660 sed
870 617 962 659 unum
983 609 1096 659 tantum
1122 609 1172 659 aut
1191 609 1269 660 certe
1291 599 1349 660 duo
1371 617 1434 659 non

277 683 439 754 excedere;
469 680 708 756 distinguendum
733 681 819 757 igitur
839 691 907 757 post
927 680 1070 753 Seuerum,
1093 691 1124 741 ut
1145 681 1337 758 Longulanus
1361 683 1435 741 alius

278 765 344 841 quis
358 773 388 822 et
402 760 521 840 quidem
535 763 655 838 ignotus
669 763 714 821 sit.
753 760 845 834 Quod
859 781 1037 839 quamquam
1052 773 1163 822 certum
1176 781 1238 823 non
1252 773 1304 835 est,
1319 782 1388 822 nam
1401 772 1435 822 ut

278 845 352 904 nihil
365 845 461 904 dicam
474 844 512 903 de
526 843 569 902 M.
582 843 675 903 Accio
689 842 802 910 Plauto,
817 844 906 903 habet
922 845 1011 903 index
1025 845 1088 903 libri
1102 846 1132 904 iii
1144 845 1182 903 L.
1197 845 1278 904 Ateio
1294 845 1434 921 Capitate,

280 926 356 986 adeo
375 935 474 984 tamen
496 935 540 985 est
559 943 631 984 uero
653 925 746 984 simile
763 933 795 983 ut
808 923 941 984 Brunnio
957 924 1006 1003 (de
1020 925 1106 986 Aust.
1122 927 1187 985 Ind.
1204 926 1277 985 Plin.
1292 946 1321 1004 p.
1337 924 1389 1005 43)
1405 935 1434 1000 et

278 1007 451 1068 Detlefseno
467 1007 508 1065 sic
521 1007 620 1083 potius
635 1005 905 1082 interpungentibus
919 1006 1002 1066 facile
1016 1007 1182 1085 adstipuler.
1306 1020 1307 1024 ’

319 1089 375 1148 Est
403 1089 453 1165 qui
481 1107 499 1147 a
525 1088 638 1147 Seneca
662 1088 693 1145 in
714 1087 929 1147 Controuersiis
957 1090 1074 1166 saepius
1098 1108 1166 1148 sum
1188 1088 1295 1148 Cassio
1321 1088 1433 1148 Seuero

280 1181 467 1240 memoratur,
488 1170 534 1228 uir
555 1187 617 1228 non
642 1169 789 1228 dissimilis
809 1169 927 1244 ingenii,
949 1170 987 1229 T.
1009 1170 1165 1230 Labienus.
1207 1171 1244 1229 In
1264 1170 1322 1230 hoc
1342 1171 1435 1229 multa

281 1261 349 1312 sunt
363 1269 438 1328 quae
452 1251 483 1309 in
499 1250 583 1310 Ibide
599 1251 791 1328 requiruntur.
835 1250 903 1309 Sen.
919 1250 1005 1310 Cont.
1020 1271 1040 1310 x
1054 1251 1145 1312 Praei
1163 1273 1180 1325 4
1195 1252 1241 1310 De
1258 1252 1293 1310 T.
1309 1251 1435 1310 Labieno

281 1334 484 1411 interrogatas?
504 1333 671 1390 declamauit
681 1351 735 1390 non
749 1332 855 1407 quidem
873 1334 981 1412 populo²
994 1334 1043 1391 sed
1052 1335 1167 1411 egregie.
1210 1354 1263 1393 non
1277 1333 1437 1393 admittebat

273 1415 408 1492 populum
419 1420 445 1472 et
456 1415 522 1489 quia
535 1415 653 1472 nondum
667 1413 734 1472 baec
744 1415 903 1472 consuetudo
911 1421 976 1472 erat
987 1415 1101 1474 inducta
1111 1422 1137 1473 et
1148 1417 1214 1490 quia
1225 1416 1343 1492 putabat
1354 1421 1436 1490 turpe

280 1518 314 1556 ac
315 1497 447 1573 friuolae
461 1497 625 1554 iactatiom's.
667 1496 823 1574 adfectauit
833 1497 904 1554 enam
918 1498 1070 1554 censorium
1084 1498 1269 1572 supercilium,
1283 1516 1344 1555 cum
1357 1497 1434 1554 aleus

280 1580 375 1638 anemo
388 1583 474 1636 esset:
492 1595 612 1654 magnus
630 1582 725 1635 orator
742 1577 795 1652 qui
808 1579 897 1635 multa
910 1579 1098 1652 impedimenta
1111 1579 1252 1650 eluctatus,
1268 1579 1435 1654 adsumam

281 1661 379 1737 ingem'
390 1658 579 1733 confitentibus
588 1658 682 1734 magis
691 1657 847 1716 bominibus
854 1666 1022 1733 peruenerat
1029 1678 1113 1734 quam
1124 1661 1282 1719 uolentibus.
1304 1677 1435 1718 summa

282 1751 417 1819 egestas
439 1749 521 1811 erat,
544 1757 673 1798 summa
694 1739 844 1810 infamia,
866 1745 1031 1799 summum
1052 1741 1177 1800 odium.
1219 1759 1323 1818 magna
1343 1746 1434 1799 auum

281 1823 356 1882 debet
366 1841 421 1880 esse
435 1822 584 1896 eloquentia
596 1840 665 1895 quae
682 1821 782 1878 enue'tzs
793 1821 928 1896 placeat,·
950 1828 1046 1880 etcum
1061 1823 1279 1902 engeneas'auor
1292 1822 1434 1880 hominm
1505 1833 1506 1836 ’

280 1905 411 1973 ostendat,
421 1905 518 1980 fauor
532 1903 600 1972 alat,
614 1908 747 1978 quantam
761 1904 820 1960 uim
834 1921 889 1960 esse
902 1909 1006 1978 oportet
1020 1922 1090 1977 quae
1103 1906 1177 1962 inter
1192 1905 1330 1963 obstantia
1344 1923 1434 1962 erum-

276 1989 354 2062 pat?
374 2002 449 2043 nemo
465 1990 529 2042 erat
539 1984 591 2060 qui
607 2002 662 2041 non
681 2003 743 2042 cum
759 1984 870 2042 bomani
884 1986 977 2043 omnia
991 1986 1110 2056 obiceret,
1126 1987 1234 2064 ingenio
1247 1987 1365 2044 multum
1379 1988 1433 2044 tri-

281 2067 380 2126 bueret.
424 2066 498 2124 calor
519 2067 654 2123 orationis
673 2067 811 2140 antiquae,
834 2067 916 2142 uigor
936 2085 1031 2139 nouae,
1052 2068 1141 2125 cultus
1162 2070 1234 2125 enter
1254 2073 1379 2125 nostrum
1401 2086 1435 2124 ac

275 2151 361 2224 pre'us
370 2149 507 2206 saeculum
518 2148 629 2218 medius,
641 2153 674 2204 ut
685 2147 765 2204 ellum
775 2153 866 2221 posset
876 2155 993 2222 utraque
999 2157 1073 2222 pars
1083 2149 1140 2207 sibi
1150 2150 1299 2207 uindicare.
1321 2149 1434 2206 libertas

281 2237 368 2302 tanta,
383 2237 416 2288 ut
427 2229 564 2288 libertatis
577 2246 671 2285 nomen
685 2229 826 2288 excederet
836 2235 867 2300 et,
883 2229 960 2305 quia
974 2229 1101 2305 passim
1114 2230 1249 2290 ordines
1263 2229 1433 2289 homines-

282 2330 348 2390 que
370 2311 527 2382 laniabat,
549 2307 677 2370 Rabies
697 2318 880 2369 uocaretur
887 2329 897 2383 ;
925 2313 1037 2368 animus
1057 2313 1129 2370 mter
1147 2313 1219 2370 uitia
1238 2313 1335 2388 angens
1353 2312 1438 2369 etad

280 2393 491 2452 similitudinem
513 2393 610 2466 ingeni
631 2393 681 2449 sui
698 2392 832 2449 uebleutus
852 2394 905 2468 qui
920 2391 1103 2468 Pompa'anos
1123 2395 1241 2470 spiritus
1261 2394 1381 2452 nondum
1403 2395 1434 2450 in

281 2481 361 2534 tanta
370 2485 439 2550 pace
445 2475 589 2548 posuisset.
631 2475 663 2530 in
682 2472 867 2548 bacprimum
882 2475 1039 2551 excogitata
1052 2481 1094 2532 est
1105 2494 1176 2533 noua
1186 2485 1290 2550 poena:
1313 2474 1434 2550 effectum

280 2563 322 2614 est
333 2559 404 2614 enim
414 2566 467 2631 per
481 2557 606 2613 cnemz'cos
619 2556 678 2612 eius
692 2562 724 2611 ut
735 2573 825 2612 omues
838 2555 911 2613 libri
920 2553 1158 2615 comburerentur:
1179 2575 1223 2614 res
1235 2575 1307 2614 noua
1321 2551 1434 2613 et'inui-

280 2641 366 2697 sitata
384 2637 548 2712 supplicium
569 2637 600 2692 de
614 2637 716 2693 studiis
734 2639 817 2694 sumi.
859 2637 924 2695 bono
943 2637 1066 2695 hercules
1079 2637 1191 2712 publico
1210 2639 1265 2695 ista
1286 2639 1316 2695 in
1332 2645 1434 2712 paenas

282 2721 425 2796 z'regenzesa
435 2719 585 2776 crudelitas
593 2725 658 2791 post
667 2715 824 2775 Ciceronem
836 2719 948 2776 inuenta
958 2726 1012 2776 est:
1027 2719 1396 2798 quidenimsuturums'uit,
1407 2719 1438 2776 si

281 2801 446 2860 treumm'ris
459 2798 583 2857 libuisset
594 2805 620 2854 et
631 2800 772 2873 engem'um
784 2798 927 2858 Ciceronis
934 2800 1128 2877 proscribere?
1147 2807 1214 2858 sunt
1222 2801 1256 2858 di
1267 2801 1435 2858 immortales

282 2883 353 2940 lenti
362 2882 469 2957 quedem
484 2881 532 2938 sed
541 2881 613 2936 certi
623 2882 745 2937 uindices
755 2883 868 2956 generis
881 2882 1003 2939 humani
1012 2889 1039 2938 et
1050 2900 1154 2957 magna
1167 2882 1295 2958 exempla
1310 2883 1341 2939 in
1354 2887 1437 2956 caput

283 2964 479 3021 inuenientium
493 2967 625 3038 regerunt
636 2980 670 3018 ac
685 2963 838 3019 iustissima
854 2964 982 3038 patiendi
992 2965 1050 3020 uice
1058 2964 1139 3038 quod
1154 2965 1268 3039 quisque
1281 2963 1370 3021 alieno
1382 2981 1434 3021 ex·

264 3105 265 3108 ,
282 3046 418 3120 cogitauit
428 3044 560 3118 supplicio
569 3052 647 3116 saepe
659 3045 759 3117 expiat
769 3062 826 3101 suo.
858 3063 927 3118 quoe
940 3063 995 3116 uos,
1007 3045 1205 3102 dementissimi
1215 3045 1344 3115 homiues,
1355 3050 1435 3102 tanta

283 3127 411 3184 recorda
432 3127 548 3200 agitati
577 3134 682 3199 parum
699 3126 824 3182 uidelicet
840 3126 871 3182 in
884 3135 989 3200 poenas
1007 3133 1083 3184 notae
1101 3126 1272 3184 crudelitates
1292 3132 1347 3185 est:
1372 3145 1434 3184 con·

282 3208 386 3284 quirz‘te
401 3209 431 3264 in
445 3211 549 3263 uosmet
565 3207 637 3280 ipsos
651 3225 723 3263 noua
737 3206 836 3280 quibus
851 3209 978 3281 pereatis,
993 3213 1020 3264 et
1034 3210 1065 3264 si
1079 3209 1150 3283 quid
1158 3208 1193 3266 ab
1207 3210 1285 3265 omni
1294 3209 1434 3282 patientia

282 3307 377 3348 rerum
398 3293 503 3346 natura
524 3286 668 3358 subduxit,
688 3289 761 3344 sieut
780 3289 920 3364 eugenium
941 3291 1149 3363 memoriamque
1169 3291 1297 3360 nomenis,
1317 3291 1435 3348 muenite

282 3369 504 3447 quemadmodum
516 3369 652 3427 reducatis
663 3367 704 3426 ad
712 3370 821 3426 eandem
832 3388 890 3426 rem
904 3372 1027 3444 corporis
1041 3371 1124 3427 mala.
1142 3373 1241 3449 facem
1255 3372 1356 3429 studiz's
1369 3371 1434 3429 sub-

283 3453 345 3510 dere
354 3457 381 3508 et
389 3453 420 3508 in
430 3456 601 3508 monumenta
611 3451 824 3525 disciplinarum
838 3449 1057 3510 animaduertere
1067 3459 1171 3526 quanta
1181 3460 1208 3510 et
1214 3471 1298 3528 quam
1309 3471 1362 3510 non
1373 3473 1434 3510 con-

283 3540 356 3592 tenta
370 3537 456 3590 cetera
469 3532 588 3589 materia
601 3533 720 3590 saeuitia
733 3533 797 3590 esti
819 3531 861 3589 Di
875 3533 1004 3603 meliuS,
1015 3535 1089 3609 quod
1097 3553 1125 3592 eo
1138 3535 1244 3592 saeculo
1258 3537 1312 3592 ista
1326 3535 1433 3611 engeni-

282 3633 362 3674 orum
376 3614 511 3688 supplicia
525 3619 728 3688 coeperuntque
747 3615 859 3690 ingenia
877 3615 1038 3673 desierunt!
1065 3617 1123 3673 eius
1136 3616 1188 3690 qui
1199 3616 1272 3673 bane
1285 3617 1316 3672 in
1329 3618 1434 3692 scripta

284 3696 409 3756 Labieni
425 3696 584 3753 senteutiam
602 3696 722 3752 denerat
734 3702 828 3770 postea
842 3698 962 3754 uiuentis
977 3696 1069 3754 adbuc
1086 3699 1191 3771 scripta
1204 3696 1332 3755 conbusta
1351 3704 1434 3766 sunt,·

284 3782 343 3839 ram
357 3796 411 3836 nan
425 3777 498 3834 malo
511 3777 634 3850 exemplo
652 3778 720 3851 quia
739 3796 797 3835 sua.
838 3777 907 3836 Non
921 3779 987 3836 tulit
1003 3778 1076 3835 banc
1089 3776 1232 3836 Labienus
1245 3781 1434 3837 contumeliam

284 3881 331 3919 nec
354 3865 486 3934 superstes
509 3877 564 3916 esse
591 3859 700 3933 eugenue
727 3877 776 3916 suo
803 3861 899 3930 uoluit,
920 3861 970 3916 sed
994 3861 1024 3916 in
1052 3867 1222 3918 monumenta
1245 3879 1273 3917 se
1296 3863 1434 3918 merbrum

283 3960 398 4001 suorum
409 3942 498 4018 ferri
509 3940 594 3997 iussit
609 3946 688 4014 atque
702 3941 742 3998 ita
756 3941 870 4011 includi,
886 3943 992 3997 uere'tus
1008 3942 1111 3998 scilicet
1127 3960 1160 3997 ne
1173 3943 1248 4018 egcrnz's
1261 3943 1314 4016 qui
1328 3943 1439 3999 nomini

283 4043 334 4082 suo
356 4022 491 4081 subiectus
514 4028 578 4079 erat
596 4023 708 4094 corpori
727 4028 894 4097 negaretur:
922 4041 976 4079 non
994 4021 1101 4096 finiuit
1121 4028 1229 4079 tantum
1252 4042 1280 4080 se
1304 4025 1367 4098 epse
1389 4025 1438 4081 sed

283 4106 366 4162 ettam
392 4104 538 4178 sepelzuit.
554 4145 562 4160 .
577 4145 585 4160 .
600 4145 607 4160 .
625 4100 714 4161 Cassi
735 4101 842 4172 Seueri,
871 4103 990 4160 bominis
1014 4101 1138 4160 Labieno
1165 4105 1342 4174 muisisse‘mi,
1371 4105 1435 4163 belle

284 4186 358 4244 dicta
380 4203 425 4242 res
436 4184 589 4261 strebatur
609 4184 656 4241 illo
678 4190 793 4258 tempore
813 4201 865 4258 qua
888 4184 960 4241 libri
976 4182 1098 4242 Labieni
1119 4203 1159 4244 ex
1181 4192 1291 4243 senatus
1314 4189 1436 4245 consulto

285 4265 456 4324 urebantur:
471 4284 544 4322 nune
558 4283 606 4334 me,
619 4266 718 4338 inquit,
729 4267 826 4322 uiuum
840 4267 893 4322 uri
903 4270 1004 4340 oportet
1014 4267 1066 4339 qui
1077 4266 1140 4323 illas
1151 4267 1258 4324 edidici.
1280 4268 1436 4327 monstrabo

286 4347 386 4405 bellum
400 4346 476 4404 uobis
489 4346 608 4404 labellum
622 4363 698 4419 quem
713 4366 731 4404 a
749 4344 878 4405 Galliam
891 4354 980 4404 uestro
990 4349 1096 4422 petatis.
1125 4349 1256 4406 recitauit
1271 4352 1436 4425 rescriptum

287 4427 411 4487 Labieno
425 4438 479 4504 pro
492 4426 626 4502 Bathyllo
639 4425 812 4486 Maecenatis
830 4429 861 4484 in
881 4447 933 4503 quo
951 4429 1104 4504 suspicietis
1116 4430 1293 4487 adulescentes
1309 4432 1435 4490 animum

286 4510 366 4569 illos
381 4509 496 4568 dentes
511 4507 552 4568 ad
566 4507 787 4567 mordendum
795 4513 981 4584 prouocantes.
1019 4510 1095 4569 Puto
1109 4513 1165 4569 eam
1180 4511 1257 4570 nebel
1266 4513 1340 4587 quod
1351 4513 1435 4570 mter·
