3312 5200
736 455 781 516 ΙΝ
804 454 900 518 ΙΒΙΝ.
1313 457 1352 513 77

797 609 949 672 intromitti
962 611 1063 685 iussit,
1058 631 1063 645 ·
1085 622 1114 671 et
1127 612 1201 672 itiste
1214 624 1353 690 expertus

241 799 310 856 439.
332 777 447 856 thue
470 776 567 838 ferox
591 775 756 835 Phalaris.
798 655 1265 852 esidilritdiiutdgtiewssiialaiisk
1280 695 1353 837 iistis

197 861 285 922 Idem
306 862 437 921 Phalaris
458 860 538 920 ciues
559 877 630 918 suos
651 856 757 916 eodem
798 873 878 915 emes
888 854 994 915 eodem
1004 857 1098 915 modo
1109 856 1237 933 affligere
1248 859 1353 918 uolens

197 953 283 1004 tauro
320 944 425 1002 intimo
462 941 635 1018 torquebat.
677 937 759 1016 quod
798 937 878 996 idem
897 954 1001 1014 passus
1017 948 1061 996 est
1080 956 1098 996 a
1116 939 1228 998 ciuibus
1243 940 1303 998 suis
1324 949 1353 1000 et

197 1035 303 1102 postea
317 1025 394 1084 ab
369 1043 412 1084 eus
425 1041 529 1102 passus
543 1032 595 1082 est.
641 1020 678 1081 G.
797 1019 857 1078 hoc
877 1018 906 1077 d
925 1019 1040 1096 thue
1064 1019 1163 1080 ferox
1184 1019 1352 1082 Phalaris.

242 1206 310 1258 44.1
332 1186 491 1264 Dumque
514 1183 626 1243 redi'r'e
648 1182 755 1243 uoles.
798 1099 1070 1241 AslileedegPeliam
1086 1181 1205 1244 Admeti
1220 1201 1354 1244 socerum

199 1268 310 1328 Medea
322 1269 432 1326 Peltam
446 1285 556 1343 regem,
569 1265 685 1324 fratrem
697 1263 756 1322 Ae·
797 1259 922 1322 Aesonis
949 1264 1038 1340 patris
1065 1263 1180 1326 Iasonis
1207 1261 1352 1347 [fratrem]

199 1351 291 1422 sonis,
312 1350 404 1426 patris
425 1349 546 1420 Iasonis,
568 1346 688 1406 Admeti
710 1363 757 1406 so·
798 1345 932 1404 filiabus
925 1363 1113 1405 iuuenescere
1128 1356 1213 1423 pacta
1231 1349 1291 1408 suis
1310 1349 1355 1425 ip·

199 1450 309 1504 cemm‚
337 1431 451 1490 filiabus
479 1430 540 1490 suis
567 1439 653 1505 pacta
680 1427 758 1488 reui·
797 1445 863 1486 sum
889 1428 928 1485 ab
955 1427 1000 1488 eis
1022 1426 1090 1487 lecit
1112 1429 1242 1489 interfici.
1284 1429 1354 1491 Ast.

199 1514 313 1669 ¹¹inss
326 1509 559 1668 idtdrtseceiiiue}
575 1591 610 1648 in
643 1587 756 1649 medii.
798 1514 824 1568 ct
839 1507 1036 1666 {mphiamus
1065 1599 1165 1651 contra
1193 1590 1356 1651 Thebanos

201 1675 301 1736 Notus
314 1686 359 1735 est
372 1693 457 1735 casus
470 1671 653 1750 Amphiarai.
698 1671 735 1732 G.
800 1680 981 1748 pugnatums
1001 1671 1086 1730 uiuus
1103 1673 1133 1730 in
1147 1671 1293 1731 infernum
1312 1674 1355 1732 in-

801 1753 871 1812 cidit
881 1753 951 1812 utd
962 1751 1179 1831 Statius(Tlteb.
1199 1754 1266 1814 VII.
1274 1751 1355 1831 fin).

802 1833 897 1910 Supra
935 1834 972 1894 de
1013 1835 1182 1895 infidelitate
1222 1838 1357 1914 coniugis

801 1934 880 1987 suae,
895 1934 974 1975 nunc
989 1916 1046 1976 de'
1039 1934 1114 1993 ipsu.
1158 1915 1193 1978 C.

246 2014 314 2074 445
336 1999 449 2076 Atque
474 2000 604 2060 utinam
629 2015 760 2076 pereas
843 1997 975 2057 Cadmus
993 1999 1096 2058 dentes
1112 1999 1254 2074 serpentis
1269 2000 1356 2058 semi-

203 2082 315 2142 Fabula
330 2083 366 2142 de
382 2081 505 2141 Cadmo.
551 2081 589 2144 G.
802 2079 891 2150 nauit,
907 2098 942 2139 ex
958 2078 1063 2174 quibus
1084 2081 1144 2139 nati
1165 2091 1232 2140 sunt
1251 2081 1357 2140 milites
1410 2087 1412 2096 '

802 2161 913 2231 armati,
923 2163 972 2238 qui
987 2161 1084 2219 statim
1098 2180 1130 2222 se
1143 2162 1357 2223 interfecerunt.

802 2241 926 2302 Ouidius
948 2243 1055 2301 Meta⁰⁸
1075 2243 1149 2303 libro
1171 2243 1255 2303 tertio
1277 2245 1357 2303 iuxta

800 2325 984 2402 principium.
1029 2323 1062 2384 C.

245 2421 314 2484 447.
335 2407 378 2467 Et
399 2426 484 2485 quae
506 2405 695 2466 Penthides
717 2405 760 2464 le·
844 2405 1022 2465 *Panciades
1042 2406 1118 2465 filius
1138 2405 1262 2469 †Abacil
1286 2423 1357 2482 poe·

204 2493 259 2551 cit.
303 2490 460 2549 *Pentides
480 2499 510 2548 et
524 2489 686 2566 Hipponax
705 2488 760 2547 lra-
801 2496 847 2546 tae
868 2487 1087 2563 Hipponactern
1112 2487 1229 2546 fratrem
1252 2485 1357 2545 Medu-

204 2584 247 2632 ter
261 2571 434 2631 Medusae*
480 2570 517 2631 G.
801 2587 852 2631 sae
880 2569 1029 2627 inimicum
1061 2585 1147 2627 suum
1179 2568 1299 2627 deuouit
1327 2569 1357 2626 in

246 2652 424 2711 *Penthides
444 2663 535 2728 poeta
553 2653 628 2711 filius
643 2651 762 2727 'tAbagi
801 2660 914 2710 tantum
936 2651 1017 2726 quod
1038 2669 1069 2709 se
1091 2650 1241 2726 suspendit
1264 2657 1296 2709 ut
1318 2648 1358 2713 ait

204 2735 250 2794 uel
258 2734 371 2799 †Ebalii
381 2733 461 2810 figuli
471 2734 693 2811 Hipponactem
704 2733 761 2792 fra·
801 2731 1012 2797 †Bauciades.*
1058 2731 1085 2792 C
1096 2730 1206 2791 etAsk.

203 2828 278 2876 trem
313 2815 459 2909 Medusae
492 2834 545 2892 per
576 2817 761 2912 ‘inuectiuam

203 2909 323 3056 {inilia
338 2897 438 3036 ltili
452 2897 638 3054 attint
660 2897 761 3038 llll}

246 3061 293 3120 De
322 3059 503 3119 Callimacho
531 3059 576 3118 his
604 3070 740 3136 quattuor
767 3059 899 3119 uersibus
928 3069 1016 3136 poeta
1044 3058 1166 3120 Cireneo
1194 3057 1273 3120 Batti
1299 3058 1359 3118 filio

204 3142 342 3218 loquitur,
357 3141 407 3218 qui
428 3141 543 3217 scripsit
563 3143 594 3199 in
608 3142 800 3218 Apollonium
816 3141 966 3200 Rhodium
987 3140 1066 3200 Sillei
1086 3141 1133 3201 uel
1154 3151 1186 3202 ut
1207 3143 1254 3201 alii
1267 3139 1360 3200 Hillei

206 3223 308 3293 filium,
333 3222 384 3299 qui
409 3239 525 3281 sorores
549 3222 651 3283 habuit
678 3223 836 3282 Medusam
863 3232 892 3282 et
916 3224 978 3300 Arg
976 3224 1103 3301 yroelen
1133 3224 1361 3302 composuitque

206 3305 413 3380 Argonautica
457 3303 525 3363 Cod.
541 3307 578 3378 36
594 3302 754 3364 Semtnarr'i
762 3303 913 3363 Patauzm’.

250 3405 318 3461 449
339 3385 381 3444 Et
402 3386 528 3461 quibus
549 3387 709 3474 εκίειιο.Ι
731 3385 777 3446 Sis
795 3405 833 3446 ex
852 3387 907 3444 illis
925 3384 1092 3446 uolneribus
1106 3405 1181 3464 quae
1195 3404 1228 3446 se
1241 3384 1361 3445 inferius

207 3478 278 3546 pota
292 3485 369 3543 aqua
382 3476 518 3543 purgant
562 3467 619 3527 G.-
763 3487 765 3492 ·

244 3598 306 3646 439·
325 3581 448 3634 AdditC
492 3580 532 3632 sic
549 3554 641 3634 falaris
658 3580 742 3635 licet·
739 3596 798 3636 rex
807 3581 959 3635 indictum¹
981 3579 1084 3636 bouem
1108 3581 1208 3634 missus
1225 3585 1269 3636 est
1289 3580 1362 3647 ligna

207 3653 283 3722 prius
295 3657 373 3704 secta
384 3652 432 3704 et
426 3667 485 3718 ipso
497 3650 598 3704 thauro
610 3653 779 3710 combustus.

245 3740 306 3788 441.
324 3721 453 3777 estiuisG
521 3721 637 3777 fratrem
650 3741 700 3780 mn.
712 3725 780 3777 Ask.
850 3721 969 3776 interfici
981 3721 1070 3791 ipsum
1083 3721 1117 3774 ab
1130 3721 1169 3778 eis
1180 3720 1266 3776 foecit
1279 3722 1308 3775 G.

245 3810 306 3858 443·
325 3791 523 3860 amphioraiG.

245 3881 306 3929 445.
325 3863 486 3918 methafflss

245 3951 307 4000 447.
325 3935 457 3989 Historiae
458 3934 581 4002 ficticiae.
647 3938 781 4004 yponattt'e
794 3935 880 3989 Mare.
942 3931 1189 4005 PenthiadesAsk.
1255 3931 1362 3986 abareti

211 4006 276 4058 Ask.
348 4005 418 4058 abali
431 4004 502 4059 Sala.
580 4005 749 4074 hypon-atum
762 4008 829 4060 Ask.
908 4004 954 4072 ipo
966 4005 1087 4057 nanteG
1157 4002 1283 4056 medulae
1296 4004 1362 4055 Ask.

211 4075 345 4129 Medusae
356 4075 401 4128 uel
415 4076 543 4129 Melissae
555 4077 629 4130 Sala.
687 4073 849 4145 Bauciades]
863 4085 924 4129 nam
937 4073 1096 4128 Battiades?
1126 4075 1218 4128 Etiam
1231 4075 1362 4127 uitiosiora

209 4158 269 4201 sunt
286 4164 352 4215 quae
369 4147 398 4199 de
417 4149 506 4200 Perseo
523 4157 548 4200 et
565 4146 674 4200 Medusa
692 4146 783 4200 addita
801 4158 860 4200 sunt
878 4149 904 4200 in
923 4147 951 4210 C,
964 4165 1029 4214 quae
1047 4157 1170 4214 tanquam
1186 4146 1271 4214 inepta
1289 4146 1363 4196 omisi

209 4223 292 4284 poeta
303 4216 393 4284 inquit
406 4217 510 4271 Cirneo
522 4222 620 4271 Patau.
700 4217 843 4270 PsileiPa.
923 4216 986 4283 pilei
999 4219 1049 4272 Pa.
1127 4215 1299 4281 Argiroelam
1311 4219 1362 4269 Pa.

210 4289 252 4342 De
264 4289 309 4341 hac
321 4289 426 4341 disticha
439 4287 544 4341 obscura
557 4291 650 4354 omnia,
663 4298 786 4355 quantum
797 4299 845 4356 per
857 4288 1024 4340 Scholiastas
1065 4287 1131 4340 Sane
1142 4287 1210 4356 Hi
1211 4285 1361 4352 onaxfilins

209 4370 268 4413 erat
280 4359 370 4424 Pythei
383 4357 448 4427 (vids
458 4357 561 4425 Πύθεω)
576 4369 636 4412 teste
648 4360 734 4424 Suida,
746 4370 770 4412 et
780 4358 909 4427 Bupalum
922 4367 997 4425 atque
1009 4359 1131 4410 Athenim
1141 4376 1184 4409 scu
1185 4359 1278 4427 lptores
1289 4357 1363 4416 Chios

210 4432 253 4498 qui
269 4432 408 4498 imaginem
426 4430 478 4482 eius
496 4429 632 4483 lasciuia
623 4449 732 4482 iocorum
750 4441 896 4498 proposuere
913 4428 1048 4481 ridentium
1067 4428 1169 4481 circulis
1190 4429 1363 4481 amaritudine

211 4500 410 4626 apprminurpbad
423 4499 538 4569 laqueum
552 4500 660 4570 conpulit
674 4499 729 4570 (Pl
719 4520 755 4554 m.
709 4497 900 4555 lXXXVI
915 4496 1364 4568 12),undecorfictaaideaturquae

244 4591 332 4627 ureex
350 4592 360 4624 t
376 4582 422 4625 un.
