3294 5214
308 443 340 506 lit
721 441 1047 504 PROLEGOMENA.

307 621 404 680 genas.
445 602 492 661 Ex
507 602 590 662 Ibide
604 602 691 661 etiam
705 601 792 661 credo
812 603 971 678 sumpsisse
985 601 1121 661 Boetium
1137 619 1172 661 ea
1186 619 1262 677 quae
1275 601 1409 678 leguntur
1423 599 1462 659 de

314 685 403 744 Corra.
434 684 601 760 Philosoph.
630 685 657 742 ii.
684 685 701 740 6
732 682 804 742 Cum
831 684 948 742 liberum
976 685 1109 760 quendam
1137 685 1232 741 ue'rum
1259 684 1407 758 suppliciis
1433 702 1462 740 se

312 773 450 840 granam·
472 767 637 824 adacturum
651 771 767 842 putaret
778 771 810 822 ut
821 766 957 822 aduersus
969 785 997 824 se
1005 767 1107 844 fartae
1130 765 1329 823 com'urolt'om's
1342 767 1462 822 consczos

306 849 443 924 proderet,
455 849 582 926 lehguam
596 848 644 906 ille
659 847 805 905 momordit
820 853 900 921 alque
913 846 1036 918 abscidit,
1051 853 1076 904 et
1094 847 1125 904 iu
1138 865 1167 904 os
1181 848 1299 920 granni
1314 846 1465 904 smuzenh's

314 929 430 987 uertat.
447 928 676 1004 ...Busiridem
698 930 858 1004 accepemus,
879 946 976 986 meare
996 929 1113 1002 hospites
1139 928 1256 999 soletum,
1279 926 1315 986 ab
1338 927 1465 984 Hercule

311 1011 415 1086 horpale
428 1012 528 1089 surore
554 1017 710 1068 maiolum.
751 1007 881 1084 Regulus
907 1011 1005 1084 plures
1032 1008 1190 1068 Poenorum
1221 1009 1287 1068 dello
1312 1014 1404 1084 captos
1431 1010 1463 1065 r‘n

312 1092 429 1150 uthmla
441 1092 595 1164 tumuerat,
610 1092 659 1149 sed
670 1109 739 1150 mox
753 1093 810 1166 ipse
828 1093 962 1148 uz'ctorom
978 1093 1080 1150 cateruis
1093 1109 1194 1149 manus
1201 1091 1340 1166 praebuit.
1382 1088 1462 1148 Nam

312 1192 375 1234 non
402 1173 497 1232 solum
520 1172 712 1233 Anaxarchus
736 1171 844 1231 Busiris
867 1170 998 1248 Regulus
1022 1190 1097 1249 quos
1121 1172 1168 1231 hic
1195 1179 1408 1231 commemorat
1432 1170 1463 1228 in

314 1253 398 1314 Ibide
418 1254 517 1314 locum
538 1253 646 1313 habent
660 1253 742 1333 (571,
758 1272 825 1329 399,
842 1253 914 1333 281)
930 1255 983 1313 sed
999 1254 1031 1313 in
1047 1272 1106 1313 una
1119 1253 1212 1325 Ibide,
1226 1263 1370 1329 quantum
1391 1252 1462 1323 scio,

314 1353 383 1396 cunr
402 1335 534 1396 Busiride
549 1335 681 1412 Regulus
702 1333 915 1411 inexemplum
933 1335 1101 1394 adsumitur.
1144 1334 1235 1407 Quod
1253 1352 1314 1393 non
1332 1333 1410 1394 cadit
1431 1335 1463 1391 in

208 1456 212 1464 ·
314 1416 532 1491 Claudianum;
567 1417 617 1494 qui
644 1416 668 1476 si
696 1417 727 1474 in
752 1415 819 1475 Rus.
843 1417 861 1474 i.
889 1430 945 1490 ²5²
972 1435 1037 1494 sqq.
1067 1416 1150 1475 Sinin
1178 1415 1299 1475 Scirona
1326 1415 1462 1475 Phalarin

313 1498 491 1561 Diomedem
505 1499 620 1558 Busirin
636 1497 794 1570 coniunxit,
809 1498 839 1555 irr
853 1497 974 1575 Eutrop.
989 1499 1006 1556 i.
1025 1501 1082 1556 160
1096 1515 1159 1575 sqq.
1175 1497 1332 1556 Thrasium
1347 1496 1463 1555 Busirin

313 1579 447 1644 Perillam
468 1578 609 1652 Phalarin,
630 1579 724 1656 potuit
743 1579 798 1637 hos
821 1579 940 1656 quidem
961 1580 992 1639 in
1013 1578 1096 1638 Ibide
1120 1597 1224 1638 omnes
1243 1577 1348 1655 legere,
1369 1578 1464 1654 potuit

314 1661 402 1721 etiam
415 1662 446 1720 in
460 1660 603 1721 Tristibus
617 1661 663 1720 uel
676 1661 747 1718 Arte
761 1661 919 1720 Amatoria.

355 1743 502 1804 Alucinari
517 1743 638 1804 fortasse
652 1742 782 1815 uidebor,
796 1742 849 1802 sed
868 1752 968 1800 tamen
986 1761 1047 1802 non
1065 1743 1198 1803 omittam
1215 1742 1315 1801 locum
1328 1740 1463 1817 Procopii

314 1829 384 1904 quo'
404 1823 567 1884 Ouidianae
593 1822 686 1882 Ibidis
711 1823 853 1883 recordari
881 1825 983 1899 potuit.
1025 1824 1104 1884 Nam
1132 1824 1170 1884 de
1198 1823 1366 1894 Theodato,
1393 1839 1464 1899 rege

314 1904 492 1975 Gothorum,
517 1923 605 1982 quem
633 1904 767 1981 deposito
791 1923 884 1981 regno
906 1904 1065 1981 fugientem
1093 1906 1227 1965 inimicus
1250 1905 1366 1976 occidit,
1389 1904 1464 1962 haec

315 1997 411 2048 narrat
425 1986 462 2046 de
476 1987 542 2045 bell.
558 1985 648 2046 Goth.
662 1987 680 2044 I.
699 2003 730 2044 11
750 1990 798 2042 Καὶ
817 1989 894 2043 αὐτὸν
912 1989 940 2043 ἐν
956 1991 1007 2063 ὁδῷ
1026 1992 1064 2044 ἔτι
1079 1992 1249 2062 πορενόμενον
1266 1989 1463 2059 καταλαμβάνει·

315 2071 342 2128 e’r
357 2072 455 2142 ἕδαφός
467 2092 495 2124 re
511 2067 601 2125 ὕπτιον
614 2069 764 2126 κατακλίνας
777 2071 879 2140 ὥσπερ
898 2073 1008 2141 ἱερεῖόν
1025 2093 1054 2125 τι
1073 2071 1189 2126 ἴθυσεν.
1220 2068 1283 2140 αὕτη
1299 2093 1328 2124 τε
1343 2069 1464 2142 θεοδάτῳ

314 2151 483 2224 καταστροφὴ
496 2155 543 2206 τοῦ
555 2173 584 2206 τε
597 2151 657 2216 βίον
671 2151 711 2204 καὶ
724 2153 769 2220 τῆς
782 2150 915 2224 ἡγεμονίας
931 2152 1018 2226 τρίτον
1030 2150 1142 2224 ἐχούσης
1155 2154 1212 2209 ἔτας
1225 2151 1335 2225 ἕγένετο.
1377 2147 1464 2220 Quae

312 2249 385 2291 sane
399 2249 468 2290 cum
481 2230 633 2291 Ouidianis
648 2229 701 2290 illis

478 2312 605 2371 Victima
626 2311 673 2370 uel
693 2311 818 2372 Phoebo
837 2330 933 2373 sacras
954 2314 1088 2374 macteris
1109 2313 1146 2373 ad
1167 2332 1239 2384 aras,

519 2392 618 2465 Quam
639 2393 701 2452 tulit
722 2412 740 2453 a
761 2411 850 2454 saeuo
872 2395 1045 2456 Theudotus
1066 2395 1150 2456 hoste
1172 2413 1284 2455 necem.

316 2477 417 2537 nescio
444 2476 515 2553 quid
542 2475 650 2535 habent
678 2477 894 2553 congruentiae,
921 2477 961 2536 ita
994 2489 1092 2536 tamen
1119 2485 1151 2536 nt
1180 2476 1271 2535 Ibidis
1298 2494 1399 2536 uersus
1427 2474 1467 2533 de

316 2558 474 2617 Theodoto
492 2557 541 2616 illo
561 2557 645 2618 scribi
664 2575 726 2616 non
746 2559 900 2633 potuerint.
942 2560 1007 2618 Nec
1025 2577 1204 2636 quemquam
1220 2557 1311 2634 fugiet
1329 2558 1379 2634 qui
1398 2556 1464 2614 ibin

316 2641 393 2699 norit
406 2640 521 2716 quoties
536 2637 702 2698 Gothorum
716 2639 868 2699 annalibus
881 2639 937 2701 hae
951 2640 1085 2701 historiae
1099 2649 1355 2716 repraesententur.
1387 2637 1465 2696 Vide

316 2740 365 2780 me
380 2721 417 2780 ad
432 2721 475 2779 lb.
491 2722 559 2795 ⁶34·
601 2719 671 2792 Quo
690 2720 786 2796 potius
805 2731 946 2797 tempore,
965 2741 1026 2781 non
1041 2721 1168 2798 leiani,
1187 2721 1269 2798 quod
1289 2720 1402 2779 uidetur
1420 2721 1464 2777 irr-

315 2820 405 2862 nuere
415 2801 566 2862 Desseiius
579 2802 617 2860 ad
628 2819 744 2860 uersum
758 2803 845 2860 istum
859 2802 984 2880 Quodque
987 2805 1095 2882 ferunt
1100 2803 1224 2862 Brotean
1228 2805 1332 2880 fenice
1341 2802 1465 2877 cupitline

316 2885 413 2943 mortis
426 2894 575 2960 tamquam
590 2901 627 2942 ex
640 2881 783 2954 Alciato,*
799 2884 866 2942 Ibin
881 2887 1018 2962 scriptam
1037 2885 1125 2944 hrisse
1142 2886 1350 2962 ut‘suspicetur
1364 2893 1467 2941 auctor

317 2983 384 3024 sum
399 2965 425 3024 ei
439 2965 489 3041 qui
501 2962 653 3040 Hyginum
667 2981 733 3022 eam
742 2966 853 3037 citasse,
863 2965 1028 3026 Martialem
1037 2967 1143 3043 legisse
1154 2978 1241 3042 atque
1250 2967 1391 3025 imitatum
1400 2981 1465 3023 esse

317 3064 489 3122 persuasum
510 3062 572 3104 non
592 3045 730 3116 habuerit,
752 3065 848 3124 neque
868 3049 1039 3108 intellexerit
1059 3057 1091 3107 ut
1105 3049 1266 3125 Eutychen,
1286 3049 1328 3107 sic
1349 3046 1465 3105 Politia·

317 3145 390 3186 num
400 3125 586 3204 Leopardum
597 3126 754 3198 Sanctium,
764 3129 806 3188 sic
815 3128 969 3188 Heinsium
980 3130 1210 3207 Bentleiumque,
1221 3131 1263 3189 sic
1274 3127 1465 3188 Niebuhrium

317 3227 352 3269 ac
366 3207 540 3267 Merkelium
555 3226 608 3285 pro
622 3227 691 3267 uera
705 3218 791 3285 atque
807 3208 952 3270 Ouidiana
965 3211 1109 3270 habuisse.

358 3289 429 3349 Post
449 3289 611 3366 Eutychen,
634 3307 722 3366 quem
745 3309 813 3349 eum
836 3291 937 3352 Seruio
957 3292 1076 3351 Donato
1097 3292 1246 3352 Prisciano
1273 3293 1349 3352 inter
1371 3309 1468 3368 gram-

317 3371 441 3431 maticos
459 3379 670 3431 commemorat
689 3371 810 3448 scriptor
826 3373 1058 3432 hexametrorum
1077 3374 1171 3434 editus
1190 3392 1258 3433 cum
1275 3374 1400 3434 Alcuino
1419 3391 1465 3448 ap.

318 3452 422 3530 Migne
436 3451 473 3511 T.
488 3452 515 3512 ii
529 3471 557 3529 p.
575 3454 643 3525 844,
658 3469 749 3513 unum
766 3455 880 3530 repperi
898 3456 948 3531 qui
967 3455 1033 3513 Ibin
1053 3456 1184 3515 uideatur
1204 3456 1307 3532 legisse
1327 3473 1396 3514 eum
1417 3454 1466 3530 qui

318 3533 503 3593 hexametros
524 3534 637 3611 scripsit
658 3551 704 3608 ap.
721 3533 882 3610 Hagenum
903 3535 1012 3612 (Carm.
1032 3536 1116 3596 Ined.
1134 3536 1225 3596 Medii
1244 3537 1319 3596 Aeui
1339 3556 1368 3613 p.
1387 3531 1465 3610 133),

318 3617 382 3676 siue
394 3615 544 3687 Alcuinus,
558 3616 619 3674 siu'e
634 3614 706 3674 alius
720 3616 786 3691 quis
799 3615 858 3676 fuit.
902 3617 961 3677 Hic
974 3619 1052 3676 enim
1070 3618 1140 3678 dicit
1156 3617 1227 3689 Quor
1240 3625 1297 3677 tom
1314 3617 1468 3696 Ctuypln'oe

318 3697 487 3774 nunlehfuil
498 3704 577 3772 atque
590 3697 755 3772 malignae?
781 3699 862 3775 quod
875 3699 932 3759 nisi
945 3719 982 3758 ex
997 3699 1041 3759 Ib.
1059 3719 1114 3758 aaa
1131 3700 1180 3759 uix
1194 3700 1329 3776 explices.
1371 3699 1467 3774 Lege-

317 3780 402 3839 batur
419 3790 518 3839 tamen
536 3787 564 3837 et
584 3779 752 3855 interpretes
771 3780 913 3840 habebat:
941 3782 1015 3840 Inter
1032 3799 1108 3857 quos
1127 3792 1187 3841 erat
1202 3783 1342 3858 glossator
1359 3783 1389 3840 in
1408 3780 1468 3839 e'bin

319 3863 401 3920 euius
411 3861 591 3920 mentionem
599 3859 668 3920 tecit
676 3860 830 3920 Conradus
839 3862 876 3921 dc
887 3861 971 3921 Mure
986 3881 1009 3922 s.
1019 3881 1045 3921 u.
1058 3862 1179 3922 Locoon.
1215 3863 1298 3922 Idem
1313 3862 1467 3922 Conradus

319 3945 349 4001 in
363 3943 459 4002 indice
472 3960 595 4018 operum
610 3941 708 4002 Ouidii
726 3960 815 4020 quem
835 3943 981 4020 duplicem
995 3945 1111 4004 exhibet
1126 3963 1148 4012 s.
1159 3963 1188 4004 u.
1206 3937 1325 4004 Ouidius
1339 3944 1406 4003 lbin
1420 3945 1467 4003 bis

318 4025 508 4084 nouissimam
529 4023 604 4083 facit.
645 4025 692 4082 Eo
716 4025 810 4100 magis
833 4025 981 4085 admireris
1004 4026 1085 4104 quod
1106 4027 1137 4084 in
1161 4027 1250 4102 lyrico
1271 4027 1399 4086 carmine
1420 4033 1470 4101 ap.

319 4103 477 4182 Hagenum
499 4103 595 4164 Carm.
617 4104 699 4165 Ined.
720 4124 747 4182 p.
768 4108 825 4164 208
847 4106 896 4165 ubi
916 4119 1101 4167 recensentur
1122 4110 1227 4184 scripta
1248 4107 1355 4180 Ouidii,
1377 4107 1468 4167 Ibidis

354 4252 369 4281 *i
386 4249 461 4298 Verba
472 4251 555 4299 Alciati
567 4251 622 4299 haec
634 4259 686 4299 sunt
698 4252 790 4314 Parerg.
802 4251 847 4298 Iur.
859 4252 890 4298 iv.
901 4267 918 4315 4
931 4254 1033 4300 Arbitror
1049 4253 1147 4315 aiiquem
1159 4255 1207 4301 eius
1219 4256 1329 4316 temporis
1340 4255 1466 4302 studiosum

321 4315 416 4366 Luciumi
428 4317 534 4376 exemplo
545 4315 645 4364 hominis
656 4319 782 4365 memoriae
793 4317 934 4373 illudentem,
946 4319 1061 4366 Ouidiano
1072 4320 1167 4366 carmini
1177 4320 1199 4366 in
1213 4319 1264 4366 ibin
1280 4322 1399 4368 inseruisse
1412 4320 1467 4366 illud

321 4379 449 4435 dittichon:
468 4382 578 4446 Quodque
586 4382 671 4442 suunt
681 4383 793 4431 Proteum
802 4383 885 4443 secisse
901 4383 1005 4442 cupidine
1021 4384 1101 4434 mortis
1114 4386 1160 4432 Des
1176 4394 1217 4432 tua
1233 4401 1351 4434 succensae
1367 4387 1468 4434 memma

316 4447 446 4556 scremando
459 4453 537 4507 pyrae.
571 4449 614 4504 Seu
632 4449 713 4508 siquis
730 4450 859 4510 synaeresin
877 4449 900 4494 in
913 4449 996 4497 Proteo
1013 4450 1154 4508 reformidat,
1166 4452 1250 4499 Protea
1267 4453 1375 4514 quodque
1391 4453 1467 4502 ferunt

325 4525 395 4559 ecrssc
405 4520 449 4561 etc.
