3294 5214
607 496 932 557 PROLEGOMENA.
1249 495 1345 555 xxxvii

193 675 256 716 non
266 666 365 716 tamen
375 655 433 715 hoc
443 663 557 713 tantum
571 674 607 714 ex
623 673 677 715 aue
692 655 847 716 deuouisse
861 656 914 715 sed
929 663 957 714 et
971 655 1026 714 alia
1040 655 1211 715 crediderim
1226 666 1348 734 propter
1364 620 1368 633 Ι

193 740 284 798 uerba
306 737 406 798 Ouidii
427 736 470 794 Et
487 736 587 811 quibus
607 734 704 816 (uotis)
725 739 848 796 uolucris
868 739 962 796 deuota
983 744 1028 796 est.
1072 736 1157 796 Haec
1178 738 1257 796 enim
1277 748 1347 797 uota

194 838 256 878 non
270 820 301 878 in
315 837 407 878 unum
422 818 538 894 aliquid,
554 817 607 877 sed
627 819 657 876 in
675 819 767 876 multa
786 820 984 895 inprecaturus
1004 828 1073 878 erat.
1115 818 1194 877 Nam
1216 818 1253 877 ad
1274 820 1347 879 iram

195 901 384 977 taediumque
399 899 588 970 mouendum,
603 901 666 975 ipsa
680 901 818 959 crebritas
833 901 963 970 accessit,
979 901 1060 977 quod
1074 900 1135 958 ibin
1149 919 1253 960 necare
1267 901 1347 978 capi-

195 982 252 1041 tale
268 982 320 1041 luit
334 980 459 1060 (Herod.
475 981 503 1039 ii.
520 983 568 1054 65,
583 981 645 1040 Cic.
660 981 697 1040 de
712 981 750 1040 N.
765 981 802 1040 D.
818 982 836 1039 i.
854 1001 900 1057 29.
916 979 976 1059 82).

240 1063 337 1122 Venio
355 1064 392 1122 ad
410 1062 587 1121 Naucratin:
618 1080 687 1121 nam
713 1072 741 1120 et
763 1062 938 1140 Apollonius
960 1062 1145 1123 Naucratites
1164 1082 1181 1122 a
1199 1063 1348 1123 nonnullis

198 1145 314 1204 habitus
329 1142 398 1215 est*
413 1154 492 1202 etex
508 1143 647 1202 Naucrati
660 1143 809 1220 profectus
824 1153 868 1202 est
884 1143 1003 1203 Theuth
1019 1145 1065 1203 ille
1080 1145 1141 1204 siue
1156 1144 1283 1203 Hermes
1301 1145 1348 1204 cui

198 1226 260 1284 lbln
274 1227 399 1285 dicatam
414 1226 492 1284 idem
507 1224 590 1282 Plato
604 1225 719 1284 tradidit
731 1224 866 1304 (Phaedt.
879 1223 959 1303 274).
975 1225 1098 1282 Ἤκουσα
1110 1227 1195 1283 τοίνυν
1209 1229 1268 1301 περὶ
1278 1227 1348 1284 Ναίν·

110 1330 117 1340 ·
198 1331 286 1381 κρατιν
298 1311 343 1378 τῆς
357 1307 486 1381 Αἶγοίιττου
507 1306 627 1381 γενέσθαι
645 1313 696 1363 τῶν
709 1309 760 1363 ε’κεῖ
772 1311 891 1370 παλαιῶν,
900 1332 955 1364 τινα
968 1310 1041 1378 θεῶν,
1056 1309 1087 1363 οὗ
1107 1311 1148 1364 καὶ
1168 1310 1198 1364 τδ
1219 1309 1307 1382 ὄρνεον
1319 1310 1349 1364 τδ

198 1392 265 1462 ίερδν
285 1389 299 1444 δ
320 1391 351 1460 δὴ
373 1393 496 1445 καλοῦσιν
511 1386 588 1453 Ἶβιν·
609 1390 677 1465 αὐτῷ
699 1390 727 1444 δὲ
748 1389 826 1461 ὄνομα
846 1394 883 1466 τῷ
904 1391 1002 1461 δαίμονι
1022 1386 1085 1445 εἶναι
1106 1390 1183 1446 θεῦθ.
1218 1395 1308 1445 τοῦτον
1321 1390 1350 1444 δὲ

197 1477 299 1543 πρῶτον
311 1470 419 1542 ἀριθμόν
435 1493 464 1526 τε
486 1472 526 1526 καὶ
546 1472 674 1542 λογισμὸν
688 1472 770 1543 εὑρεῖν
783 1473 824 1526 καὶ
844 1468 998 1544 γεωμετρίαν
1012 1472 1053 1526 καὶ
1073 1471 1250 1544 ἀστρονομίαν,
1265 1473 1303 1528 ἔτι
1321 1471 1350 1526 δὲ

196 1555 313 1609 πεττειιίς
325 1575 354 1607 τε
367 1553 408 1607 καί
422 1553 531 1622 κυβείας,
546 1554 586 1606 καὶ
600 1553 630 1622 δὴ
644 1553 685 1607 καὶ
697 1554 839 1625 γράμματα.

240 1632 358 1704 Quanta
372 1630 456 1690 fuerit
470 1633 544 1690 inter
563 1632 641 1690 hunc
656 1631 790 1690 Hermen
810 1642 839 1691 et
859 1631 919 1690 ibin
941 1632 1107 1691 coniunctio
1129 1632 1256 1692 declarat
1269 1632 1348 1692 Aeli-

199 1732 273 1773 anus
288 1712 327 1770 H.
344 1715 381 1771 A.
397 1733 425 1772 x.
443 1733 479 1789 29
495 1716 543 1769 Kal
560 1719 596 1790 τῷ
609 1715 690 1786 Ἐρμῇ
709 1714 739 1769 δέ
751 1717 820 1787 φασι
840 1719 876 1790 τῷ
896 1717 974 1788 πατρί
994 1721 1044 1770 τῶν
1057 1713 1143 1787 λόγων
1156 1717 1278 1788 φιλεῖται,
1294 1716 1350 1771 ε’πιί

199 1798 264 1852 ἔοικε
278 1799 307 1851 τὸ
321 1792 388 1852 εἶδος
402 1801 432 1865 τῇ
448 1796 530 1866 φύσει
544 1801 589 1850 τοῦ
605 1795 695 1869 λόγον·
717 1797 808 1867 τὰμὲν
822 1797 872 1869 γὰρ
890 1797 988 1866 με’λανα
1009 1796 1140 1869 ὠκυπτέρα
1160 1801 1197 1872 τῷ
1217 1821 1246 1851 τε
1267 1819 1348 1870 σιγω-

199 1878 268 1954 μένερ
285 1879 326 1933 καὶ
346 1879 417 1934 ἔνδον
436 1879 648 1952 ἐπιστρεφομένῳ
666 1876 739 1951 λόγῳ
758 1880 953 1950 παραβάλλοιτο
967 1879 1007 1948 δν,
1021 1879 1053 1932 τδ
1066 1879 1094 1932 δὲ
1108 1880 1187 1933 λευκὰ
1200 1883 1236 1954 τῷ
1248 1881 1349 1951 προφε-

199 1958 297 2034 ρομένῳ
318 1982 345 2014 τε
366 1960 406 2014 καὶ
426 1959 569 2033 ἀκουομένιρ
590 1958 636 2028 ἤδη
658 1960 698 2014 καὶ
715 1959 826 2029 ὑπηρέτῃ
844 1964 890 2014 τοῦ
904 1960 976 2015 ἔνδον
990 1961 1030 2014 καί
1043 1959 1154 2034 ἀγγέλῳ,
1169 1961 1203 2016 ὥς
1217 1960 1247 2014 δν
1261 1959 1350 2018 εἴποις.

200 2039 322 2114 Fuitque
337 2039 418 2102 ibis†
432 2039 519 2097 huius
533 2038 579 2096 dei
594 2038 713 2098 Theuth
726 2039 855 2115 insigne,
871 2057 966 2116 neque
986 2040 1026 2098 ita
1047 2039 1142 2098 solum
1163 2049 1194 2098 ut
1216 2039 1261 2098 ille
1282 2059 1351 2098 cum

201 2121 295 2196 capite
313 2119 398 2180 ibidis
419 2121 584 2198 pingeretur
605 2129 633 2178 et
655 2120 701 2178 dei
722 2137 832 2179 nomen
854 2121 908 2178 ibis
930 2122 960 2178 in
982 2121 1062 2198 ligno
1080 2130 1160 2180 stans
1179 2140 1247 2179 cum
1265 2123 1350 2180 semi-

200 2202 307 2261 circulo
323 2211 350 2260 et
364 2201 477 2260 duabus
492 2201 574 2259 lineis
589 2201 770 2277 exprimeret,
785 2201 837 2260 sed
857 2211 888 2259 ut
907 2203 976 2260 anni
995 2202 1105 2278 primus
1124 2203 1234 2269 mensis
1249 2202 1350 2262 Thoth

200 2293 362 2355 uocaretur,
377 2283 534 2342 litterarum
549 2282 760 2358 Aegyptiarum
780 2283 874 2358 prima
894 2283 949 2341 ibis
971 2292 1047 2342 esset
1062 2281 1136 2360 (Cic.
1152 2282 1188 2343 de
1206 2283 1243 2342 N.
1260 2283 1297 2342 D.
1312 2285 1349 2342 iii.

204 2383 252 2424 aa.
269 2366 316 2439 56,
334 2364 407 2423 Plut.
423 2364 522 2441 Symp.
538 2363 576 2422 ix.
594 2383 619 2420 2.
636 2362 690 2442 2).‡
733 2362 836 2439 Itaque
851 2363 1034 2440 Hermopoli,
1051 2383 1109 2441 qua
1126 2365 1156 2421 in
1175 2367 1246 2423 urbe
1267 2383 1351 2440 prae·

201 2445 287 2523 cipue
301 2445 419 2505 Theuth
438 2445 594 2516 colebatur,
609 2445 736 2520 porticus
751 2445 851 2521 templi
866 2445 946 2521 quod
965 2447 1005 2504 ibi
1024 2446 1184 2503 maximum
1199 2447 1353 2519 ῖβικέφαλον

202 2527 290 2584 deum
305 2545 372 2586 cum
386 2526 500 2586 famulis
514 2526 592 2585 ibide
606 2536 635 2584 et
650 2527 735 2585 simio
749 2526 909 2602 insculptos
924 2528 1058 2602 gerebat:
1078 2537 1106 2585 et
1120 2527 1185 2585 illuc
1201 2527 1352 2603 deportata

203 2625 268 2666 esse
283 2608 425 2667 cadauera
438 2608 537 2678 ibium,
553 2607 626 2666 sicut
640 2608 678 2667 ad
692 2606 768 2666 Buto
782 2607 960 2684 accipitrum,
972 2616 1069 2666 narrat
1080 2607 1249 2666 Herodotus
1263 2609 1290 2667 ii.
1303 2610 1350 2683 67.

195 2689 291 2756 Ἰβεως
302 2691 437 2764 ‘appatuit
450 2691 556 2765 pinnas
571 2691 600 2746 in
615 2689 762 2764 magicum
777 2706 863 2747 usum
884 2689 1001 2749 adhibet
1022 2689 1145 2766 scriptor
1161 2706 1282 2748 arcanus
1304 2709 1351 2765 ap.

203 2769 327 2848 Parthey
343 2771 420 2828 Zwei
439 2770 656 2847 Zauberpapyri
674 2788 703 2846 p.
719 2784 793 2845 127:
816 2788 871 2829 nec
893 2771 1005 2830 minore
1027 2789 1096 2829 cura
1114 2771 1174 2828 ibin
1194 2771 1243 2846 qui
1259 2771 1352 2830 medi-

203 2853 287 2910 cinae
311 2852 466 2910 studebant
490 2869 579 2928 quam
604 2851 745 2924 Hermen,
771 2851 838 2910 artis
867 2852 929 2910 eius
953 2862 1103 2911 auctorem
1128 2871 1162 2911 ac
1187 2862 1350 2928 patronum,

203 2933 408 2992 obseruabant.
451 2932 510 2991 Sed
531 2942 560 2992 et
574 2933 676 2990 Lunae
698 2951 856 2991 commune
878 2933 928 2990 luit
943 2933 1073 2992 Hermae
1094 2952 1161 2992 cum
1182 2934 1259 2992 ibide
1281 2953 1352 2994 con-

205 3015 335 3086 sortium,
359 3033 426 3074 cum
448 3013 602 3072 Plutarcho
624 3023 696 3072 teste
718 3014 755 3073 de
775 3014 814 3073 Is.
836 3022 865 3072 et
885 3014 961 3074 Osir.
984 3033 1020 3087 41
1047 3014 1173 3074 Hermes
1195 3016 1282 3075 lunae
1307 3017 1352 3073 in·

206 3095 304 3154 sidens
319 3114 387 3154 cum
402 3113 436 3154 ea
447 3095 597 3154 circuitum
607 3095 740 3169 §laceret
756 3094 885 3154 Hermae
900 3096 1093 3168 simulacrum,
1104 3107 1254 3173 tamquam
1266 3097 1350 3170 Luni,

201 3176 301 3235 lunula
315 3177 518 3248 comitaretur3
540 3176 595 3234 ibis
609 3185 706 3234 autem
726 3194 793 3235 cum
813 3177 899 3236 lunae
918 3179 1037 3236 nomine
1053 3177 1122 3236 Hah
1137 3179 1198 3236 siue
1213 3178 1268 3237 Ioh
1283 3197 1352 3238 con-

202 3258 303 3317 iuncta
316 3259 473 3334 reperiatur
485 3257 661 3337 (Wilkinson
672 3258 708 3315 iii.
723 3276 752 3335 p.
766 3256 845 3335 165),
857 3267 885 3316 et
896 3258 994 3318 lunam
1010 3259 1173 3318 diuersitate
1187 3260 1352 3336 plumarum

236 3397 251 3431 *
267 3395 353 3444 Athen.
363 3395 418 3457 283.
445 3396 536 3456 Scripsit
548 3395 682 3456 Apollonius
693 3393 795 3442 libellum
807 3392 904 3442 Κτίσεις
916 3397 938 3442 in
951 3411 998 3457 quo
1009 3396 1099 3443 urbium
1111 3397 1209 3460 origines
1221 3397 1353 3447 celebrauit.

203 3461 422 3509 Commemorantur
439 3459 587 3515 Alexandria,
603 3462 702 3520 Caunus,
720 3461 815 3516 Cnidus,
833 3462 953 3508 Naucratis
970 3461 1075 3521 (Clinton
1093 3463 1118 3509 F.
1136 3463 1167 3508 H.
1185 3464 1215 3512 iii.
1233 3477 1254 3522 p.
1268 3461 1351 3527 ¹516);

203 3527 263 3572 tnrde
285 3542 360 3574 errore
382 3527 533 3573 Naucratiten
558 3527 646 3573 dictum
665 3527 755 3586 putauit
777 3526 927 3574 Weichertus.
969 3527 1011 3574 Sed
1037 3542 1083 3574 non
1108 3528 1176 3575 uideo
1202 3543 1242 3575 cur
1271 3530 1352 3576 eadem

203 3591 317 3638 dubitatio
336 3607 383 3638 non
401 3593 472 3639 etiam
491 3593 513 3638 in
533 3590 576 3639 hos
596 3592 729 3639 admittatur
745 3591 785 3651 qui
805 3607 858 3638 enm
876 3592 1056 3639 Alexandrinum
1075 3603 1194 3652 uocarunt,
1211 3608 1263 3640 curn
1281 3594 1353 3640 etiam

203 3653 385 3719 Ἀλεξανδρείας
396 3654 477 3704 κτίσιν
488 3658 608 3717 scripserit.
633 3657 694 3703 Vero
706 3657 800 3704 similius
812 3664 846 3702 est
861 3667 940 3703 natum
952 3657 1071 3712 Naucrati,
1079 3658 1187 3705 eductum
1200 3659 1353 3705 Alexandriae

203 3723 278 3772 fuisse.
301 3724 338 3770 Ab
349 3721 395 3769 hoc
405 3722 483 3769 libello
495 3722 613 3783 Apollonii
624 3723 725 3782 suspicor
735 3722 845 3768 Ouidium
854 3723 963 3769 nonnulla
975 3725 1102 3782 sumpsisse,
1114 3725 1145 3772 cl.
1153 3735 1201 3786 539
1210 3724 1353 3771 Conditor

202 3797 228 3834 ut
240 3789 324 3835 tardae
334 3787 431 3834 Blaesus
442 3788 576 3852 cognomine
587 3787 667 3846 Cyrae.
1090 3813 1093 3820 =

235 3853 254 3910 †
270 3853 334 3900 Haec
345 3853 432 3912 sumpsi
448 3855 477 3900 de
493 3853 551 3901 libro
564 3851 701 3899 Wilkinsoni
713 3852 822 3898 Manners
837 3851 882 3896 and
897 3851 1006 3898 Customs
1023 3851 1052 3898 of
1064 3850 1105 3899 the
1117 3853 1217 3899 Ancient
1228 3852 1354 3916 Egyptians

202 3918 235 3965 iii.
253 3933 291 3979 pp.
306 3916 351 3979 165
364 3933 414 3979 sqq.
449 3918 486 3966 cf.
504 3918 615 3965 Kreuzeri
632 3916 752 3980 Symbolik
769 3917 792 3964 ii.
809 3931 848 3976 pp.
863 3927 906 3962 101
921 3931 971 3977 sqq.
1008 3917 1109 3982 Sanignii
1126 3919 1229 3964 Histoire
1246 3918 1275 3965 de
1291 3918 1354 3966 l'lbis

232 3995 263 4032 .1
283 3983 299 4030 8
354 4017 361 4030 .

200 3998 250 4109 ppss
266 3997 422 4109 i'lulllS'ymp.
434 4047 465 4096 ix.
479 4061 527 4096 aa
546 4045 630 4110 Ἐρμῆς
645 4044 747 4109 λέγεται
764 4045 824 4094 θεῶν
842 4045 868 4094 ἓν
884 4044 998 4108 Αἰγύπτῳ
1014 4043 1143 4108 γράμματα
1159 4046 1251 4110 πρῶτος
1267 4047 1354 4110 εὑρεῖν.

203 4111 240 4160 διὸ
256 4111 297 4160 nol
312 4111 342 4160 τδ
358 4111 408 4160 τῶν
418 4109 566 4176 γραμμάτων
577 4110 703 4174 Αἰγύπτιοι
719 4111 815 4174 πρῶτον
824 4109 876 4165 ίβιν
887 4109 1028 4174 γράφουσιν,
1040 4113 1070 4160 ὡς
1080 4109 1165 4174 Ἑρμεῖ
1177 4110 1354 4176 προσήκουσαν,

203 4178 249 4227 οὐκ
269 4177 342 4240 ὀρθῶς
360 4178 423 4225 nord
441 4195 471 4241 γε
491 4177 536 4238 τὴν
554 4176 614 4238 ἐμὴν
632 4175 703 4238 δόξαν
720 4176 813 4239 ἀναύδῳ
833 4176 873 4225 καί
893 4175 1011 4239 ἀφθόγγῳ
1030 4176 1153 4240 προεδρίαν
1169 4177 1196 4226 ἐν
1215 4176 1355 4241 γράμμασιν

205 4241 342 4292 ἀποδόντες.
375 4244 473 4292 Constat
493 4245 643 4291 Plutarchum
663 4245 790 4291 litterarum
810 4244 977 4308 Aegyptiarum
996 4259 1118 4290 numerum
1132 4255 1161 4305 25
1179 4245 1265 4301 iecisse,
1284 4247 1313 4292 ls.
1331 4253 1354 4292 et

205 4310 266 4356 Osir.
280 4307 320 4371 56,
338 4310 376 4356 sed
391 4308 473 4356 harum
487 4311 560 4370 prima
576 4319 654 4356 utrum
671 4309 691 4354 A
705 4310 781 4368 fuerit,
799 4323 846 4355 non
863 4310 940 4369 liquet,
959 4309 1092 4369 praesertim
1107 4325 1160 4357 curn
1177 4325 1205 4357 er
1221 4311 1356 4371 pulcenima

208 4375 365 4422 dissertatione
383 4375 538 4422 Emmanuelis
555 4375 584 4421 de
603 4375 687 4437 Rougd
701 4374 830 4437 (Mdmoire
844 4389 881 4420 sur
896 4371 1000 4436 l'origine
1016 4362 1162 4437 Egyptienne
1180 4377 1208 4423 de
1223 4376 1355 4437 l'Alphabet

207 4438 341 4496 Phenicien,
360 4441 422 4487 Paris
436 4439 510 4504 1874)
530 4441 548 4486 B
567 4439 644 4500 potius
664 4454 705 4499 per
723 4440 774 4486 lbin
792 4439 919 4502 significata
939 4441 1050 4489 uideatur.
1086 4441 1139 4489 Eius
1158 4442 1228 4489 libelli
1247 4443 1355 4489 notitiam

207 4514 326 4566 acceptam
338 4505 412 4552 refero
423 4506 473 4552 uiro
485 4506 632 4553 illustrissimo
645 4505 711 4554 Max.
724 4505 845 4552 Muellero.

243 4575 256 4629 ᾗ
275 4572 335 4618 Plut.
349 4571 377 4618 de
390 4571 418 4618 la.
431 4580 453 4619 et
465 4572 526 4619 Osir.
540 4585 569 4633 41
584 4567 733 4631 ἐνιδρυμένον
744 4568 936 4634 συμπεριπολεῖν.
