3312 5200
307 439 364 498 ιιι
705 417 1054 500 communiamus,

307 596 387 665 Quae
402 597 448 650 uis
464 595 579 649 deorum
595 601 637 649 est
651 597 789 651 manium.
832 613 923 652 ossea
939 599 1042 652 forme
1059 594 1093 650 ‘a
1110 595 1237 651 skeleton
1250 597 1268 651 :²
1288 595 1370 651 ‘And
1388 598 1457 653 then

305 667 366 720 also
379 667 460 720 when
473 666 532 720 into
544 683 620 734 ayre,
629 682 677 734 my
689 667 759 721 selle
771 667 843 722 shall
856 668 957 723 turned
968 668 1005 722 be
1019 686 1025 722 :
1046 669 1098 736 My
1110 667 1247 736 lyvelesse
1257 667 1374 721 shadow
1384 669 1459 723 shall
1530 697 1535 706 ·

305 735 372 790 with
385 737 459 804 hate,
472 753 575 805 pursue
587 737 636 791 the
648 747 744 805 gostes
757 738 789 791 oi
797 739 871 792 thee.
902 738 983 793 Then
997 738 1057 792 also
1070 737 1224 806 myndelull
1237 737 1270 790 oi
1277 737 1328 806 thy
1341 737 1458 807 deedes,

306 807 319 860 1
334 807 397 875 wyll
407 808 457 875 thy
466 806 613 862 shadowes
624 808 727 863 chase:
745 808 812 862 And
826 809 838 860 l
853 825 870 862 a
882 809 959 877 bony
967 808 1057 862 forme
1067 809 1165 876 wylbe,
1175 807 1242 861 with
1251 809 1316 862 thee
1329 807 1359 862 in
1372 825 1459 878 every

305 877 403 946 place'
415 880 448 932 T.
462 877 652 933 Vnderdown.
750 880 817 933 145.
836 882 920 943 quod
931 882 1048 933 nollem
1060 887 1091 932 ut
1105 880 1145 932 M.
1159 876 1215 932 xiii.
1229 878 1280 931 862
1293 878 1349 932 Ille
1361 885 1459 933 tamen

302 947 466 1017 placeatque
486 949 541 1000 sibi
556 949 717 1018 placeatque
734 948 833 1016 licebit,
855 949 939 1018 Quod
955 949 1066 1017 uallem,
1087 948 1214 1016 Galatea,
1231 949 1290 1002 tibi.
1323 948 1410 1004 Trist.
1430 950 1459 1005 ii.

305 1032 358 1086 239
369 1018 414 1072 At
424 1020 457 1086 si,
469 1018 548 1088 quad
556 1019 677 1087 mallem,
691 1035 799 1072 uacuus
801 1019 928 1088 fortasse
929 1019 1044 1090 fuisses.
1078 1021 1117 1072 M.
1131 1018 1177 1074 xii.
1190 1030 1236 1086 541
1251 1020 1329 1088 qued
1342 1021 1458 1074 mallem

301 1091 504 1158 passeuegare.
534 1093 793 1152 consumptueab
805 1094 906 1144 annia
937 1089 1016 1143 Alias
1029 1087 1187 1159 simplicem
1199 1089 1354 1143 ablatiuum
1367 1090 1458 1159 ponit,

274 1185 278 1194 ·
304 1175 325 1212 c.
345 1165 452 1212 senecta
469 1159 530 1212 tabe
548 1175 611 1212 usu.
648 1158 889 1228 Praepositionem
902 1159 949 1213 hic
961 1159 1071 1213 addidit
1088 1170 1118 1214 ut
1134 1160 1458 1230 correptusabrgnibus,

306 1230 348 1283 M.
371 1228 427 1284 viii.
454 1241 512 1299 514,
537 1245 594 1298 quo
623 1229 826 1298 significantius
855 1229 993 1299 originem
1021 1229 1095 1284 tabis
1120 1229 1296 1299 exprimeret,
1320 1240 1349 1284 et
1374 1231 1457 1300 quasi

305 1299 527 1370 praesentiorem
549 1299 606 1353 uim
628 1300 710 1354 annis
732 1299 874 1355 tribueret.
913 1302 1024 1369 Driiger
1043 1299 1060 1356 i.
1081 1317 1108 1369 p.
1131 1312 1190 1368 507.
1274 1302 1340 1354 146.
1358 1318 1458 1356 manu

304 1371 389 1424 iacta
401 1369 551 1439 opponitur
562 1371 696 1424 naturali
705 1371 762 1424 leto
775 1390 782 1434 ;
801 1388 857 1440 quo
869 1388 922 1424 usu
934 1370 1047 1440 saepius
1060 1369 1201 1425 inuenitur
1217 1370 1293 1439 apud
1307 1371 1455 1427 Senecam.

304 1439 397 1509 Epist.
413 1455 457 1506 41.
475 1454 491 1507 3
512 1444 608 1511 specus
628 1457 684 1494 παπ
706 1457 794 1495 manu
805 1441 905 1510 factus
922 1442 973 1496 sed
987 1442 1168 1494 naturalibus
1184 1443 1277 1494 cauu's
1293 1449 1457 1496 ercauatus.

307 1511 385 1580 556
410 1511 557 1580 speluncae
583 1528 672 1564 manu
689 1512 795 1581 factae.
834 1513 875 1580 58.
900 1526 933 1579 32
951 1513 1043 1581 finem
1067 1528 1123 1564 παπ
1148 1513 1276 1580 apperim‘
1296 1512 1346 1566 sed
1367 1530 1457 1566 mauu

294 1583 399 1652 facere.
428 1583 474 1636 De
489 1583 536 1635 Ira
549 1581 576 1635 ii.
589 1595 607 1649 9
620 1582 741 1635 uiolatus
749 1582 849 1651 fantes
860 1585 975 1636 uenenis
987 1588 1014 1634 et
1021 1583 1215 1651 pestilentiam
1234 1599 1322 1634 mauu
1332 1582 1454 1651 factam.

306 1654 352 1706 De
370 1652 469 1707 breuis.
487 1651 563 1706 uitae
581 1650 619 1706 iii.
638 1667 653 1704 2
672 1653 780 1705 morbos
797 1669 866 1722 quas
885 1669 973 1706 manu
985 1652 1116 1721 fecimus.
1188 1655 1254 1706 148.
1272 1655 1369 1716 piscis
1385 1657 1457 1709 edet

304 1721 346 1776 sic
368 1723 404 1777 de
423 1722 569 1790 naufragio
588 1723 706 1791 loquens
726 1721 810 1777 Trist.
830 1722 847 1777 i.
866 1737 891 1778 2.
912 1723 945 1791 56
963 1723 1006 1776 Et
1022 1739 1079 1776 παπ
1097 1723 1240 1792 aequoreis
1255 1723 1380 1792 piscibus
1401 1741 1457 1778 esse

303 1794 404 1846 cibum.
485 1795 551 1848 149.
569 1796 753 1858 peregrinae
764 1797 917 1848 uolucres.
955 1795 1024 1847 Her.
1037 1811 1062 1847 x.
1078 1807 1135 1861 121,
1152 1807 1200 1860 123
1213 1793 1343 1862 Spiritus
1354 1795 1458 1863 infelix

300 1862 1458 2004 illumiilliti.iltltlzt‘lt'zlttttt''litt‘itituil

305 2020 420 2069 eorpus
432 2008 536 2069 inane,
549 2003 610 2057 sine
623 2003 682 2058 uita
694 2013 721 2058 et
740 2003 839 2074 spiritu
852 2005 916 2058 Am.
929 2004 967 2058 iii.
981 2019 1006 2072 9.
1019 2004 1044 2072 6,
1059 2005 1142 2072 Prop.
1155 2002 1198 2057 iii:
1208 2002 1267 2071 (iv.)
1285 2004 1324 2058 18.
1338 2018 1381 2073 32,
1396 2005 1455 2060 Cic.

305 2075 341 2129 de
368 2076 433 2144 Leg.
457 2073 484 2128 ii.
510 2075 541 2127 18
565 2074 634 2126 ebur
656 2091 694 2127 ex
714 2075 800 2127 inani
820 2079 935 2144 corpore
957 2079 1114 2128 extractum
1145 2073 1303 2142 (Saluagn.)
1319 2097 1342 2116 =
1357 2073 1455 2128 ἀπολε·

304 2146 426 2200 hernicos
437 2146 527 2213 ψυχὴν
540 2145 660 2212 σώματος
673 2144 744 2199 Plat.
759 2146 825 2214 Leg.
839 2145 891 2214 956
903 2146 938 2200 A.
1042 2147 1107 2200 153.
1126 2147 1287 2208 Quidquid
1298 2160 1361 2212 ero,
1375 2145 1455 2214 quid-

304 2215 373 2285 quid
388 2215 424 2270 de
443 2231 489 2268 me
507 2214 555 2268 liet
574 2223 603 2268 ut
623 2216 705 2284 Prop.
725 2214 742 2268 i.
763 2231 802 2283 19.
821 2231 849 2269 11
870 2216 937 2269 lllic
953 2215 1095 2284 quidquid
1108 2231 1163 2282 era,
1181 2218 1291 2283 semper
1306 2221 1358 2268 tua
1375 2217 1459 2270 dicar

303 2287 406 2370 image.
429 2284 447 2341 i.
464 2299 503 2339 11.
517 2285 552 2338 26
566 2285 716 2354 Quidquid
722 2302 777 2354 era,
790 2287 881 2340 dicam
896 2286 1017 2355 Cynthia
1029 2285 1184 2355 causasuit
1194 2284 1309 2353 (Sala).
1341 2286 1376 2340 G.
1389 2285 1407 2340 i.
1421 2287 1456 2354 36

306 2355 456 2426 Quidquid
472 2357 536 2410 eris.
572 2357 636 2410 Am.
656 2354 694 2409 iii.
716 2371 755 2410 11.
768 2370 810 2424 49.
849 2357 876 2410 G
895 2366 923 2410 et
938 2358 994 2410 Vat
1015 2356 1121 2410 habent
1145 2355 1295 2424 Quidquid
1311 2357 1368 2408 erit
1388 2357 1416 2410 h.
1430 2374 1455 2413 e.

304 2427 503 2497 quodcumque
527 2425 647 2494 eueniet,
668 2434 698 2478 ut
717 2427 787 2480 Aen.
806 2445 832 2480 ν.
851 2439 905 2492 710
927 2427 1076 2496 Quidquid
1095 2427 1158 2494 erit,
1181 2429 1298 2495 superat
1320 2428 1455 2494 quamam

294 2499 429 2568 fortuna,
448 2513 606 2566 sequamur.
679 2502 752 2550 unte
773 2514 809 2552 os
830 2501 997 2562 oculosque
1020 2498 1081 2551 Cat.
1100 2495 1135 2550 ix.
1154 2509 1190 2563 9;
1219 2495 1342 2564 primum
1363 2506 1455 2551 totum

304 2585 345 2634 os,
371 2567 474 2622 deinde
498 2576 607 2636 partem
632 2583 688 2635 qua
718 2567 848 2636 cernitur,
873 2566 950 2622 dicit.
1056 2570 1122 2622 159.
1140 2569 1282 2621 Verbere
1305 2583 1401 2622 saeua
1425 2577 1455 2622 ut

304 2641 368 2694 Am.
387 2638 403 2692 i.
422 2651 447 2704 7.
464 2638 489 2706 6,
511 2652 550 2705 13.
573 2637 624 2702 18;
652 2635 791 2705 significat
811 2637 949 2707 impetum
971 2653 1027 2706 quo
1049 2637 1167 2691 uerbera
1187 2635 1400 2691 'incutiebantut
1424 2647 1454 2692 ut

305 2710 372 2764 Luc.
394 2708 440 2763 vii.
465 2708 523 2776 569.
568 2722 728 2770 nexaeque
749 2712 888 2762 colubris
906 2711 997 2776 iaces,
1022 2725 1096 2762 noue
1120 2706 1232 2761 uidetur
1255 2707 1454 2776 excogitatum.

303 2783 369 2833 160.
390 2781 524 2833 conseia
537 2777 545 2805 ‘
551 2777 657 2846 guilty.'
682 2780 724 2831 ad
736 2778 866 2832 admotas
877 2778 914 2832 ad
923 2779 1031 2832 uultum
1044 2777 1184 2847 significat
1197 2778 1280 2832 faces.
1315 2777 1454 2833 Vsitatius

270 2879 271 2882 ν
303 2850 402 2903 suisset
414 2851 446 2902 ab
458 2865 509 2902 era
521 2849 593 2902 Aen.
606 2846 650 2902 xii.
665 2848 724 2916 863.
761 2851 852 2903 facea
889 2848 1006 2902 Axioch.
1021 2845 1162 2916 372⁴Euda
1177 2846 1216 2916 (in
1230 2848 1360 2917 Tartaro)
1375 2849 1455 2916 θηρσὶ

218 2967 219 2970 ,
302 2921 519 2990 περιλιχμώμεναι
528 2919 569 2971 καὶ
578 2919 712 2986 λαμπάσιν
721 2919 846 2987 inspiras
854 2917 1009 2986 πυρούμενοι
1017 2923 1119 2971 Ποινῶν
1126 2919 1167 2971 καὶ
1175 2919 1263 2972 πᾶσαν
1270 2918 1353 2971 οἰκίαν
1361 2917 1454 2984 ἇικιζό-

302 3011 374 3057 μενοι
386 2990 476 3042 ἀϊδίοις
487 2989 618 3056 τιμωρίαις
630 2987 776 3057 τρΰχονται.
859 2993 920 3044 161.
938 2991 1031 3044 furiis
1047 2992 1207 3054 agitabere
1220 2990 1304 3043 Rosc.
1317 2990 1382 3043 Am.
1393 2990 1408 3055 ᾗ
1419 2989 1455 3044 66

302 3059 339 3114 de
353 3058 507 3114 matricidis
526 3059 664 3112 Videtisne
682 3066 716 3112 ut
731 3077 776 3114 eos
793 3061 903 3130 agitent
914 3061 1028 3115 Furiae.
1055 3061 1069 3126 §
1084 3060 1117 3126 67
1132 3061 1243 3128 agitan'
1258 3065 1286 3112 et
1297 3061 1458 3129 perterreri

301 3133 463 3185 Furiarum
478 3129 565 3183 taedis
580 3131 749 3185 ardentibus.
833 3133 897 3185 162.
916 3134 1044 3185 breuior
1060 3146 1162 3196 poena
1180 3146 1265 3214 quam
1284 3139 1314 3184 ut
1333 3129 1454 3184 sufficiat

303 3201 341 3254 ad
359 3217 488 3270 poenam.
595 3201 659 3253 164.
679 3203 917 3266 Indeploratum
935 3207 1036 3266 eaput.
1080 3199 1164 3255 Trist.
1177 3199 1214 3253 i1i.
1229 3214 1253 3267 3.
1266 3211 1300 3267 45
1320 3200 1380 3253 Sed
1394 3202 1455 3254 sine

293 3271 450 3342 funeribus
467 3275 554 3340 caput
570 3269 628 3338 ltac,
646 3273 706 3324 sine
723 3271 827 3325 lauare
844 3272 973 3342 sepulcri,
992 3271 1206 3341 Indeploratum
1231 3271 1351 3323 barbara
1375 3276 1454 3324 terra

303 3343 398 3411 teget?
494 3343 560 3393 165.
578 3343 714 3396 traheris
732 3359 813 3410 unco,
832 3343 908 3398 unde
925 3341 1140 3396 lamatraltanes
1157 3342 1210 3410 qui
1225 3356 1296 3394 unca
1314 3341 1454 3394 cadauera

303 3411 425 3466 tradunt
438 3411 541 3465 Paulus
555 3411 632 3464 Festi
645 3429 671 3481 p.
690 3427 737 3465 102
750 3414 791 3465 M.
806 3411 915 3480 (Sala).
988 3415 1053 3468 166.
1071 3427 1180 3467 uncus.
1196 3413 1322 3480 Corpora
1335 3411 1453 3464 damna-

302 3493 395 3537 torum
413 3491 564 3550 postquam
582 3480 611 3533 in
625 3500 737 3538 carcere
749 3482 805 3536 leto
823 3482 915 3536 affecti
928 3483 1047 3549 fuerant,
1059 3498 1132 3537 unco
1145 3498 1196 3551 pet
1208 3491 1334 3535 mentum
1353 3481 1453 3535 suffixo

303 3553 341 3607 ad
355 3551 509 3607 Gemonias
522 3551 712 3607 trahebantur.
752 3553 828 3607 Dion
843 3555 874 3608 C.
887 3554 922 3608 lx.
938 3565 969 3622 35
983 3552 1048 3608 Teis
1060 3553 1088 3606 ἐν
1100 3555 1136 3623 τῷ
1150 3552 1316 3640 δεσμωτηρίῳ
1328 3550 1453 3604 θανατου-

302 3622 392 3692 μένουὲ
404 3623 553 3693 ἀγκίστροις
570 3643 625 3676 τισι
642 3624 766 3694 μεγάλοις
784 3625 808 3676 ol
826 3621 911 3692 δήμιοι
929 3625 956 3679 ἓν
973 3645 1001 3677 τε
1019 3623 1064 3692 τὴν
1080 3622 1179 3691 ἀγορὰν
1190 3623 1307 3674 ανείλκον
1319 3621 1455 3675 κάντεῦθεν

302 3694 329 3749 is
353 3695 397 3747 τὸν
421 3693 535 3761 ποταμὸν
558 3691 661 3764 ἔσυρον.
697 3693 771 3747 Vide
793 3711 865 3764 quae
887 3693 1029 3762 congessit
1055 3695 1158 3762 Mayor
1181 3691 1218 3746 ad
1244 3693 1340 3746 quen.
1363 3711 1387 3746 rs
1408 3691 1452 3746 66.

303 3767 453 3826 161,168.
483 3763 633 3832 Sepultura
654 3764 764 3818 carebis
791 3781 845 3818 nec
877 3764 905 3817 in
929 3781 999 3833 rogo
1021 3764 1187 3831 absumptus
1209 3761 1313 3816 necin
1343 3763 1452 3816 tumulo

303 3835 459 3905 quiescens.
515 3836 577 3889 161.
591 3841 726 3900 carpunt
735 3844 910 3888 consumunt.
936 3837 1091 3888 fiammae.
1117 3835 1181 3888 Am.
1192 3832 1229 3886 iii.
1240 3847 1264 3900 9.
1275 3847 1307 3898 41
1313 3833 1454 3902 flammae

302 3906 418 3976 rogales.
504 3906 568 3958 168.
587 3909 733 3970 Respuet.
772 3905 1020 3975 Quemadmodum
1032 3903 1249 3958 Atheniensium
1262 3904 1324 3972 lege
1337 3912 1452 3957 cautum

303 3987 346 4030 est
368 3993 404 4030 ne
427 3975 455 4028 in
477 3973 572 4028 Attica
597 3975 780 4044 sepelirentur
804 3975 962 4045 proditores
983 3975 1028 4029 uel
1050 3973 1187 4042 sacrilegi,
1205 3974 1363 4043 horumque
1381 3989 1452 4026 non-

303 4062 458 4116 numquam
477 4045 564 4098 etiam
582 4063 648 4100 ossa
666 4045 879 4114 effodiebantur,
905 4045 945 4099 sic
964 4053 992 4100 te
1011 4062 1068 4099 non
1087 4045 1179 4114 patria
1195 4044 1295 4110 solum,
1320 4043 1372 4097 sed
1390 4043 1452 4097 ubi-

302 4134 423 4186 cumque
445 4115 551 4169 iacebis
573 4117 655 4170 tellus
676 4115 766 4184 eiciet,
789 4115 853 4170 iusti
876 4115 1022 4185 sanctique
1043 4116 1216 4169 uiolatorem.
1254 4113 1328 4167 Vide
1351 4114 1450 4169 Herm.

305 4190 403 4254 Hager
412 4186 528 4256 Journal
541 4185 573 4239 of
583 4186 730 4254 Philology
742 4186 798 4242 viii.
812 4201 886 4254 1-13.
941 4189 1064 4241 humus.
1078 4184 1256 4240 Contrarium
1269 4194 1312 4238 est
1325 4183 1402 4252 quod
1415 4185 1453 4239 de

303 4257 404 4311 Publio
419 4255 549 4328 Cornelio
563 4257 696 4326 Scipione
707 4257 794 4311 habet
808 4255 958 4326 Inscriptio
973 4258 1043 4310 CIL.
1059 4272 1079 4311 1.
1094 4271 1128 4323 33
1141 4267 1221 4318 QVA.
1237 4267 1278 4307 RE
1291 4296 1297 4309 .
1311 4265 1449 4311 LvssuNs.

302 4339 342 4382 ΤΕ
355 4368 361 4380 .
376 4339 411 4379 1N
426 4338 549 4380 GREMN
568 4339 667 4382 senno
687 4339 813 4382 RECIPIT
825 4368 831 4382 .
845 4340 969 4382 TERRA.
984 4339 1073 4380 ΡνΒιι
1092 4336 1450 4380 PROGNATVM.1>VB1.10.

303 4408 451 4453 CORNELL
517 4400 581 4451 169.
601 4400 712 4452 tardus
724 4398 771 4478 qui
784 4402 945 4463 unguibus
958 4404 989 4453 et
1002 4403 1104 4453 rostro
1117 4395 1197 4450 tarde
1210 4395 1319 4450 scindet
1332 4394 1451 4465 uiscera,

302 4477 330 4522 et
344 4466 425 4536 quasi
438 4468 607 4522 scrutabitur
617 4467 754 4535 (Lucr.ii1.
766 4469 829 4537 985)
843 4485 877 4522 ac
889 4468 1036 4523 rimabitur
1049 4469 1129 4537 (Aen.
1140 4465 1175 4520 vi.
1189 4466 1250 4535 599)
1262 4465 1314 4546 sub
1326 4474 1450 4546 pectore.

304 4539 381 4592 Male
404 4537 478 4592 Salu.
500 4538 536 4593 de
557 4539 639 4594 tardo
660 4540 755 4595 uolatu
777 4539 893 4595 uulturis
918 4538 1052 4598 intellexit
1074 4556 1109 4594 ex
1131 4536 1197 4593 lsid.
1219 4538 1295 4605 Ong.
1318 4547 1402 4602 x11.7.
1420 4551 1450 4590 12
