3296 5210
570 448 920 511 COMMENTAmvs
1236 459 1240 467 “
1262 453 1318 510 161

165 607 288 684 utroque
303 608 390 674 genu,
409 602 519 660 collecto
538 606 679 704 sanssuz'ne
697 605 806 660 discum
824 606 889 676 Ipse
908 608 995 676 super
1011 621 1067 659 sese
1087 608 1166 660 rotat
1182 609 1267 676 atque
1288 605 1323 662 in

166 673 418 730 nubilacondit.
473 679 570 732 misso
599 675 816 746 bylaunching.’
868 675 1200 746 iaculabere‘flingatl
1238 677 1320 734 Idem

166 744 225 799 sere
244 745 323 815 quod
341 744 464 802 metiere.
537 750 608 802 588.
628 751 698 809 Quo
716 751 801 814 orbe,
813 755 844 802 ut
859 748 912 817 qui
927 751 998 818 aper
1016 759 1074 816 503,
1087 761 1122 813 4:
1142 764 1209 801 nam
1227 764 1320 818 neque

167 814 263 869 discus
289 833 381 886 neque
403 833 472 886 aper
492 833 568 870 unus
592 815 762 887 intelligitur,
785 818 836 872 sed
861 827 904 872 est
925 817 1109 887 brachylogia
1130 835 1182 888 pro
1203 817 1320 872 ‘eodem

166 885 254 939 modo
267 896 295 942 te
309 904 377 956 aper
390 897 501 956 rumpat
515 904 571 957 quo
585 888 771 957 Lycurgiden,
785 888 879 942 discus
892 905 948 958 quo
963 887 1175 957 Hyacinthum!
1236 892 1321 958 orbe,

167 955 238 1010 disci
263 958 303 1010 M.
323 976 348 1012 x.
371 958 420 1024 183
446 959 554 1013 Tollere
579 959 749 1012 Taenam'des
773 960 863 1013 orbem
880 959 1059 1030 properabat,
1078 965 1111 1014 at
1130 959 1214 1013 illum
1234 960 1322 1014 Dura

166 1031 360 1096 repercussum
372 1028 487 1082 subrent
497 1029 530 1082 in
542 1036 609 1083 aira
621 1030 705 1083 tellus
713 1030 751 1083 In
763 1029 871 1098 uultus,
880 1029 1050 1100 Hyacinthe,
1062 1035 1131 1084 tuos.
1158 1031 1228 1084 Stat.
1240 1032 1273 1085 T.
1283 1030 1321 1087 vi.

166 1096 227 1165 656.
302 1101 468 1154 Oebalides
482 1101 521 1153 M.
535 1118 561 1154 x.
578 1100 635 1168 196.
673 1099 852 1169 Hyacinthus
868 1099 969 1155 Oebali
982 1100 1055 1154 filius
1072 1110 1115 1155 est
1129 1101 1246 1171 Hygino
1259 1115 1322 1171 271,

168 1167 296 1222 Luciano
314 1168 389 1224 Dial.
404 1171 489 1224 Mort.
506 1185 546 1236 14.
584 1168 728 1240 Plerisque
747 1170 927 1240 Hyacinthus
947 1170 1019 1226 filius
1038 1172 1183 1241 Amyclae,
1202 1182 1320 1241 patruus

168 1237 272 1294 Oebali
290 1249 351 1294 est:
376 1240 502 1294 Oebalus
520 1239 596 1294 enim
616 1240 688 1294 filius
703 1242 853 1310 Cydoneo,
870 1241 964 1296 fratris
983 1241 1148 1310 Hyacinthi.
1185 1245 1267 1297 Paus.
1281 1241 1322 1298 iii.

169 1323 192 1363 1.
203 1323 229 1376 3.
302 1313 373 1364 589.
392 1314 531 1366 alternos
542 1315 686 1376 lacertos,
699 1313 776 1382 quod
789 1313 819 1366 fit
832 1312 860 1366 in
874 1312 979 1366 nanda.
1012 1314 1051 1366 M.
1063 1311 1097 1366 iv.
1108 1324 1159 1381 353
1169 1313 1276 1367 Desilit
1287 1314 1321 1368 in

166 1379 272 1447 latz'ces,
284 1381 450 1450 alternaque
462 1381 576 1436 bracbia
587 1382 698 1436 iactans
709 1383 747 1437 In
759 1384 878 1453 liquidis
889 1383 1046 1437 translucet
1056 1385 1147 1452 aquis.
1248 1387 1324 1444 590.

167 1453 323 1516 Abydena
341 1451 370 1506 in
389 1469 445 1522 qua
464 1453 594 1507 Leander
612 1452 703 1522 periit.
777 1457 867 1518 peior
886 1452 1020 1522 infestior,
1038 1463 1069 1508 ut
1088 1454 1190 1508 urebar
1204 1454 1257 1524 629
1276 1464 1322 1510 est

166 1520 262 1577 tutior.
370 1525 609 1578 maconiano.
647 1522 686 1593 (1)
700 1525 830 1594 Eupolis.
869 1523 946 1579 Suid.
961 1526 1158 1580 5.11.Εὑ’πολις.
1195 1521 1321 1578 Ἀπέθανε
1426 1533 1438 1552 “

165 1591 314 1662 ναυαγήσας
331 1593 395 1647 κατὰ
412 1595 457 1646 τόν
471 1591 668 1662 Ἑλλήσποντον
685 1595 713 1648 ἒν
730 1597 766 1666 τῷ
783 1616 803 1649 π
820 1597 849 1650 ὸς
866 1593 1078 1661 Λακεδαιμονίους
1095 1593 1211 1667 πολέμῳ·
1232 1596 1273 1648 καὶ
1291 1595 1322 1650 ἐκ

165 1661 260 1716 τούτου
287 1662 403 1732 ἐκωλύθη
428 1663 616 1732 στρατεύεσθαι
636 1662 752 1732 ποιητήν.
793 1617 902 1734 (fluibus
931 1664 1025 1719 uerbis
1051 1663 1212 1720 Meinekius
1238 1666 1321 1723 Com.

167 1733 282 1803 Fragm.
292 1733 308 1788 i.
320 1751 346 1804 p.
359 1747 407 1804 105
421 1752 478 1789 non
490 1734 628 1791 dubitauit
639 1735 706 1806 quin
719 1746 767 1790 aut
780 1735 898 1792 celebris
911 1735 959 1789 illa
971 1735 1188 1790 Atheniensium
1201 1734 1322 1794 uictoria

167 1803 204 1857 de
217 1804 451 1860 Lacedaemoniis
464 1806 502 1859 ad
516 1807 692 1874 Cynossema
709 1816 852 1876 reportata
871 1816 919 1864 aut
936 1804 1075 1876 proelium
1091 1806 1129 1860 ad
1143 1809 1238 1876 Aegos
1260 1817 1321 1862 ota-

166 1891 229 1928 mos
254 1875 438 1930 commissum
463 1875 652 1945 significatum
677 1876 722 1932 sit.
770 1878 868 1934 Plures
893 1877 1016 1947 Eupolin
1039 1876 1093 1931 ‘ab
1117 1877 1228 1932 Alcibia
1249 1895 1265 1932 e
1290 1877 1321 1946 in

168 1944 295 2000 Siciliam
307 1947 460 2016 nauigante
472 1957 587 2017 propter
597 1950 704 2017 Baptas
717 1947 842 2002 fabulam
854 1946 883 2001 in
896 1964 974 2003 mare
985 1947 1126 2002 deiectum
1136 1965 1198 2003 esse
1211 1949 1321 2004 ferunt!

168 2015 331 2072 Meinekius
344 2018 361 2072 l.
372 2035 395 2072 c.
411 2018 505 2088 Schol.
516 2017 649 2073 Aristidis
659 2035 686 2088 p.
697 2033 751 2086 444
762 2018 937 2088 Dindorfap.
950 2019 1051 2088 Bergk.
1065 2021 1142 2074 Poet.
1156 2020 1217 2088 Lyr.
1228 2036 1255 2089 p.
1268 2031 1320 2089 593

164 2083 335 2158 Ἐκωμῴδουν
343 2087 469 2157 ὀνομαστὶ
476 2088 535 2144 τοὺς
543 2088 638 2158 ἄνδρας
644 2088 735 2160 μέχρις
742 2089 895 2145 Εὐπόλιδος·
908 2091 1022 2155 περιεῖλε
1030 2089 1059 2142 δὲ
1067 2093 1144 2144 τοῦτο
1153 2088 1321 2158 Ἀλκιβιάδης

166 2159 181 2208 ὁ
195 2159 340 2228 στρατηγὸς
358 2160 399 2213 καὶ
415 2157 510 2230 ῥήτωρ.
538 2159 700 2228 κωμωδηθεὶς
716 2161 853 2231 γὰρπαρὰ
872 2159 1017 2215 Εὐπόλιδος
1033 2158 1143 2231 ἔῤῥιψεν
1160 2161 1237 2214 αὐτὸν
1249 2160 1277 2214 ἐν
1288 2161 1321 2228 τῇ

165 2227 282 2296 θαλάττῃ
295 2229 324 2282 ε’ν
336 2230 437 2298 Σικελίᾳ
453 2232 701 2300 συστρατευόμενον,
715 2230 793 2284 εἰπὼν
805 2231 890 2285 Βάπτε
907 2252 939 2300 με
953 2229 1077 2300 (Βάπτας
1088 2227 1115 2300 μ’
1128 2230 1277 2300 Bergkius)
1290 2231 1321 2285 ἐν

166 2297 198 2351 θυ
219 2301 321 2366 ελῃσιν,
334 2301 385 2372 ἐγὼ
398 2299 429 2353 δέ
440 2321 472 2353 σε
485 2299 580 2367 κύμασι
591 2303 688 2354 πόντου
702 2301 834 2366 Βαπτίζων
846 2300 933 2355 ὀλέσω
946 2303 1042 2370 νάμασι
1053 2303 1225 2372 πικροτάτοις.
1259 2301 1319 2359 Cle.

166 2321 281 2424 adast.
294 2369 329 2424 vi.
347 2371 416 2425 1.18
433 2371 495 2424 Nos
508 2372 653 2442 publicam
667 2376 760 2443 prope
777 2372 936 2442 opinionem
954 2373 1043 2426 secuti
1059 2389 1159 2426 sumus
1176 2378 1210 2426 ιιι
1227 2373 1320 2427 multa

166 2439 248 2510 apud
259 2441 385 2496 Graecos.
418 2442 489 2511 Quis
500 2444 575 2495 euim
588 2458 644 2496 non
656 2443 734 2496 dixit
744 2445 858 2496 Εὔπολιν
873 2444 919 2496 τὸν
935 2444 980 2509 τῆς
998 2441 1105 2512 ἀρχαίας
1122 2443 1157 2496 ab
1172 2443 1321 2498 Alcibiade

166 2513 324 2582 nauigante
338 2513 372 2573 in
387 2512 518 2567 Siciliam
533 2514 668 2567 derectum
684 2531 740 2567 esse
751 2515 784 2566 iu
796 2515 897 2568 mare?
932 2513 1092 2584 Redarguit
1109 2513 1320 2583 Eratosthenes,

166 2583 959 2654 affertenimquasillepostidtempusfabulasdocuerit.
987 2584 1059 2637 Cum
1069 2583 1164 2654 itaque
1173 2585 1321 2653 uolgatam

165 2651 253 2710 tuisse
263 2653 337 2706 hanc
346 2654 381 2708 de
392 2653 541 2723 Eupolidis
551 2665 642 2709 morte
652 2654 777 2709 fabulam
787 2653 891 2708 diserte
902 2653 1003 2708 doceat
1013 2653 1121 2722 Cicero,
1131 2671 1188 2708 non
1197 2656 1320 2712 multum

165 2733 266 2778 contra
283 2725 359 2779 ualet
378 2723 408 2778 id
427 2724 504 2794 quod
521 2724 598 2779 idem
617 2725 777 2780 Meinekius
794 2724 926 2793 ostendit,
939 2723 1088 2779 Aelianum
1105 2727 1143 2778 H.
1155 2726 1190 2779 A.
1203 2743 1227 2779 x
1242 2740 1274 2791 41
1289 2736 1321 2782 et

166 2794 297 2848 Tzetzam
318 2793 388 2849 Chil.
407 2793 443 2850 iv.
456 2807 506 2864 245
527 2795 651 2866 Eupolin
673 2795 701 2850 in
720 2795 831 2864 Aegina
849 2795 942 2850 insula
960 2804 1102 2850 mortuum
1121 2796 1320 2877 sepultumque
1371 2793 1375 2806 ’

165 2864 287 2932 tradere,
302 2864 472 2920 Pausaniam
485 2874 581 2920 autem
594 2865 620 2921 ii.
636 2879 661 2933 7.
674 2881 692 2933 4
704 2875 919 2921 monumentum
932 2865 992 2920 eius
1005 2865 1034 2920 in
1047 2883 1116 2934 agro
1136 2865 1269 2935 Sicyonio
1286 2885 1320 2924 se

165 2933 273 2989 uidisse
297 2952 419 2990 narrare.
458 2935 579 3018 Fuitque
604 2937 675 2992 haec
700 2937 842 2992 sententia
865 2935 1026 3005 Politiani*‚
1050 2936 1176 2991 Turnebi
1197 2938 1319 2997 Aduers.

166 3003 202 3060 ix.
222 3005 265 3073 26,
291 3005 400 3062 Schotti
427 3006 498 3061 Obs.
523 3006 549 3061 h.
574 3022 615 3075 32.
676 3006 715 3075 (2)
743 3008 911 3062 Menander.
958 3008 1052 3062 Schol.
1079 3007 1224 3077 Saluagnii
1249 3008 1318 3064 dicit

165 3075 241 3130 hunc
263 3077 331 3130 dum
357 3075 385 3131 in
408 3077 526 3132 Piraeeo
550 3086 661 3132 nataret
685 3078 863 3132 submersum
888 3094 969 3132 esse:
998 3077 1075 3148 quod
1095 3095 1194 3134 uerum
1217 3079 1318 3135 habuit

167 3145 329 3202 Meinekius
351 3149 508 3217 Prolegom.
530 3148 568 3202 ad
588 3148 739 3203 Menandri
762 3150 874 3218 Fragrn.
897 3165 924 3218 p.
946 3167 1008 3216 xxv,
1031 3149 1160 3218 quamuis
1182 3167 1217 3204 ex
1238 3159 1320 3206 tanta

165 3233 263 3271 eorum
286 3216 333 3287 qui
355 3217 444 3273 uitam
467 3217 618 3272 Menandri
643 3219 762 3288 attigere
786 3218 966 3274 multitudine
990 3237 1075 3274 nemo
1096 3219 1126 3274 id
1148 3219 1218 3274 alius
1241 3238 1320 3275 com-

165 3287 338 3343 memorarit.
375 3289 451 3344 Sane
464 3290 623 3358 sepulcrum
636 3289 696 3344 eius
709 3289 738 3343 in
750 3289 798 3344 uia
810 3307 883 3360 quae
896 3307 914 3344 a
926 3288 1044 3346 Piraeeo
1053 3291 1182 3345 Athenas
1195 3291 1318 3348 ducebat

164 3358 236 3413 uidit
250 3358 406 3414 Pausanias
419 3359 436 3414 i.
451 3375 475 3414 2.
490 3375 515 3428 2,
529 3370 557 3414 et
575 3359 603 3413 in
618 3359 735 3415 Piraeeo
749 3359 897 3430 praedium
915 3361 1022 3429 habuit,
1036 3359 1059 3414 si
1079 3378 1136 3415 non
1155 3373 1318 3418 commenta

165 3428 245 3484 finxit
264 3429 419 3500 Alciphron
438 3428 466 3485 ii.
485 3445 509 3497 4
549 3431 607 3484 Sed
625 3441 685 3485 tam
702 3432 792 3486 multa
811 3430 988 3486 Scholiastae
1008 3431 1097 3486 lbidis
1117 3441 1165 3486 aut
1184 3432 1250 3488 ficta
1268 3441 1319 3494 ant

165 3509 242 3556 certe
253 3499 326 3554 falsa
338 3500 444 3556 habent
456 3509 487 3555 ut
500 3500 588 3554 nolim
600 3500 644 3556 his
657 3511 756 3556 contra
770 3501 936 3556 Ciceronem
949 3502 1073 3557 credere.
1104 3502 1142 3571 (3)
1161 3503 1318 3560 Terentius.

166 3571 281 3625 Sueton.
301 3570 331 3624 in
347 3571 395 3626 uit.
410 3571 535 3626 Terentii
548 3588 576 3641 p.
590 3586 623 3640 32
643 3571 856 3640 Reyfferscheid
874 3572 919 3625 De
936 3577 1024 3625 morte
1041 3573 1102 3626 eius
1119 3573 1261 3628 Volcatius
1278 3576 1321 3629 sic

164 3642 263 3696 tradit.
295 3642 356 3696 Sed
365 3648 398 3696 ut
408 3643 436 3695 A
431 3643 485 3713 fer
489 3642 598 3713 pomula
610 3659 661 3695 ser
668 3643 745 3696 dedit
755 3642 917 3708 comoedias,
929 3642 992 3696 Iter
1000 3642 1067 3696 binc
1077 3643 1110 3696 in
1122 3643 1226 3697 Asiam
1234 3646 1318 3714 secit.

164 3728 267 3766 nauem
284 3718 379 3766 autem
396 3719 429 3767 ιιι
442 3713 527 3767 semel
544 3713 715 3781 Conscendit,
734 3715 815 3767 ursus
832 3729 988 3782 numquam
1005 3718 1065 3768 est:
1085 3714 1126 3767 sic
1143 3715 1207 3768 uita
1223 3721 1318 3770 υσιοι.

166 3782 199 3852 Q.
220 3783 370 3837 Cosconius
388 3783 547 3837 redeuntem
565 3801 580 3836 e
599 3784 717 3838 Graecia
734 3785 841 3854 perisse
858 3784 891 3836 in
909 3783 988 3836 mari
1004 3784 1075 3837 dicit
1091 3800 1155 3838 cum
1174 3797 1193 3838 c
1212 3791 1240 3838 et
1258 3797 1316 3838 vm

154 3853 270 3924 sabulis
281 3855 422 3908 conuersis
433 3872 452 3907 a
463 3854 625 3908 Menandro
630 3873 641 3909 .·
657 3856 742 3908 ceteri
752 3859 896 3908 manuum
908 3871 964 3907 esse
974 3854 1006 3908 in
1017 3853 1147 3908 Arcadia
1159 3855 1184 3909 S
1183 3855 1321 3924 timpltali

163 3925 225 3977 siue
248 3924 406 3978 Leucadiae
429 3925 557 3993 tradunt,
580 3925 631 3979 Cn.
654 3925 783 3980 Cornelio
806 3924 955 3978 Dolabella
978 3925 1021 3979 M.
1042 3925 1151 3979 Fuluio
1170 3926 1319 3979 Nobiliore

163 3995 330 4064 carnalibus,
344 3995 437 4050 morbo
449 3997 627 4066 implicatum
642 4011 679 4049 en
687 3996 782 4050 dolore
799 4013 832 4049 ac
849 3996 941 4050 taedio
955 3996 1126 4050 amissarum
1137 3998 1318 4050 sarcinarum

163 4081 236 4134 quas
253 4066 286 4119 iu
302 4083 378 4120 naue
390 4069 589 4136 praemiserat,
601 4067 691 4120 simul
697 4066 869 4136 fabularum
886 4069 958 4136 quas
975 4083 1066 4120 nouas
1074 4067 1212 4135 seruati
1250 4067 1316 4122 Fuit

164 4135 236 4191 haec
250 4135 391 4192 sententia
404 4137 475 4192 Phil.
491 4136 640 4193 Beroaldi:
660 4154 758 4193 ueram
774 4147 871 4193 tamen
887 4154 945 4192 non
962 4136 1057 4193 credo.
1094 4138 1213 4208 Semper
1229 4136 1258 4192 in
1270 4137 1317 4194 his

196 4305 211 4340 ²⁰¹
228 4303 333 4351 Nutricis
344 4301 390 4353 681
406 4303 508 4366 Eupolin
524 4304 549 4352 in
564 4306 665 4356 audiun
678 4322 745 4371 quem
758 4307 860 4356 mendas
870 4306 956 4364 sabula
967 4315 1064 4370 ponam
1075 4305 1197 4356 Cliniadae
1211 4309 1318 4358 manibus

161 4369 235 4431 puppi
245 4370 352 4418 deturbat
362 4370 392 4418 ab
403 4369 461 4419 alta.

168 4473 171 4478 .
197 4435 216 4492 †
233 4435 389 4483 Emendarunt
400 4435 462 4483 hunc
473 4436 548 4484 locum
560 4437 663 4485 Suetonii
675 4438 812 4486 Ritschelius
828 4453 864 4498 ap.
877 4437 1048 4502 Reyfferscheid
1063 4455 1101 4500 pp.
1111 4452 1167 4502 5²0·
1182 4449 1203 4496 1,
1215 4439 1319 4488 Behren-

164 4499 210 4550 tius
228 4509 251 4547 et
272 4500 431 4549 Fleckeisenus
448 4503 472 4548 in
490 4503 574 4551 Annal.
592 4503 675 4552 Philol.
691 4503 985 4568 Fleckeisenianni1876,
1002 4519 1040 4566 pp.
1053 4505 1142 4571 594-6,
1156 4506 1195 4554 sed
1211 4513 1237 4554 ut
1251 4507 1318 4558 litem

165 4579 224 4627 quae
235 4566 264 4614 de
275 4582 304 4614 eo
315 4575 350 4614 est
361 4568 464 4616 maxima
475 4583 522 4616 nou
531 4569 671 4618 diremerint.

727 4649 756 4699 M
