3312 5200
424 1272 770 1370 SCHOLIA
832 1273 913 1367 IN
975 1273 1155 1370 IBIN.

213 1625 436 1721 ῙΝΤΕΝΤΙΟ
458 1659 558 1722 Ouidii
576 1661 607 1720 in
623 1662 681 1722 hoc
698 1681 786 1740 opere
803 1671 847 1722 est
864 1661 1075 1739 reprehendere
1089 1659 1248 1738 quemdam
1262 1677 1362 1718 aemu-

209 1742 271 1800 lum
287 1760 372 1801 suum
387 1753 415 1802 et
429 1761 532 1802 omnes
546 1762 599 1820 per
612 1763 680 1803 eum
697 1746 747 1822 qui
761 1763 868 1804 uxores
885 1745 1008 1803 aliorum
1025 1753 1166 1821 appetunt
1186 1760 1247 1800 non
1266 1742 1362 1800 solum

209 1823 401 1899 reprehendit
418 1825 471 1884 sed
490 1825 577 1884 etiam
597 1826 761 1885 maledicit:
783 1837 815 1885 ut
830 1845 881 1902 per
894 1826 969 1884 male
984 1825 1143 1885 dictionem
1157 1823 1281 1883 retrahat
1294 1841 1363 1882 eum

211 1907 250 1963 ab
271 1905 411 1965 adulterio
429 1907 528 1965 uxoris
550 1925 639 1983 quam
660 1908 807 1967 blanditiis
826 1907 970 1967 fefellerat„
1014 1906 1110 1966 Causa
1129 1906 1299 1965 intentionis
1318 1914 1362 1964 est

210 1995 243 2044 ut
263 1986 336 2045 haec
357 1987 452 2047 ethis
473 1989 576 2047 similia
597 1989 770 2061 deuitemuS,
791 2009 829 2048 ne
849 1991 934 2049 nobis
955 1989 1104 2065 contingat
1124 1989 1196 2047 tales
1218 1988 1362 2046 incurrere

210 2067 439 2128 maledictiones.
482 2069 602 2130 Nomen
622 2071 683 2129 eius
701 2089 789 2148 quem
803 2069 989 2148 reprehendit
1002 2071 1137 2147 ignotum
1151 2079 1196 2128 est
1209 2069 1260 2128 sed
1275 2077 1362 2127 uocat

210 2167 280 2208 eum
291 2150 352 2208 ibin
366 2168 455 2210 causa
465 2151 640 2228 inproperii:
658 2153 714 2211 ibis
728 2153 808 2211 enim
822 2153 884 2211 auis
898 2162 942 2212 est
953 2170 1028 2228 quae
1042 2160 1136 2210 rostro
1147 2160 1252 2227 purgat
1264 2152 1362 2226 poste·

210 2231 296 2289 riora.
345 2231 405 2291 Iste
426 2251 497 2292 uero
519 2243 668 2294 accusarat
690 2232 831 2293 Ouidium
853 2234 889 2294 de
911 2251 1002 2292 uxore
1021 2233 1154 2309 Augusti,
1176 2232 1305 2291 similiter
1325 2231 1362 2289 de

210 2311 285 2372 libro
310 2314 469 2374 amatorio:
502 2315 609 2390 quibus
633 2316 729 2376 causis
754 2316 861 2375 missus
886 2315 983 2374 estin
1006 2315 1132 2374 exilium.
1181 2313 1239 2372 Alii
1261 2313 1363 2371 dicunt

211 2394 294 2470 quod
312 2394 406 2453 noluit
425 2396 638 2472 imperatricem
660 2408 791 2474 stuprare
812 2399 850 2456 ab
871 2397 919 2456 illa
938 2406 1074 2472 rogatus;
1103 2412 1179 2472 quae
1200 2393 1303 2453 dolens
1325 2392 1362 2452 de

210 2476 329 2553 repulsa
347 2480 503 2536 accusabat
520 2495 588 2536 eum
608 2478 686 2554 apud
706 2479 860 2538 dominum
879 2495 973 2537 suum.
1017 2476 1074 2535 His
1093 2476 1176 2535 dictis
1197 2476 1238 2534 sic
1260 2475 1298 2533 ad
1318 2475 1362 2534 lit·

211 2565 303 2616 teram
319 2557 540 2619 descendimus:
563 2559 659 2636 plures
673 2570 779 2636 poetae
793 2559 1014 2636 reprehensoria
1033 2558 1162 2618 carmina
1177 2557 1361 2633 seripserunt,

212 2639 265 2778 {ed
279 2639 361 2718 quod
375 2658 439 2781 eg&
447 2640 502 2700 feci
516 2659 610 2719 usque
627 2641 668 2700 ad
685 2642 748 2701 hoc
767 2652 899 2718 tempus
917 2640 979 2700 luit
997 2642 1122 2699 inerme
1137 2639 1163 2698 .i.
1182 2638 1244 2698 siue
1266 2655 1362 2714 repre-

233 2739 365 2780 ensrone.
440 2767 446 2780 .

253 2803 383 2862 Intentio
404 2803 502 2864 Ouidii
523 2812 567 2864 est
587 2805 618 2863 in
639 2805 697 2865 hoc
718 2822 808 2882 opere
828 2803 932 2864 imitari
954 2801 1178 2871 Callimachum,
1200 2801 1268 2878 quia
1289 2799 1363 2861 sicut

213 2883 412 2943 Callimachus
432 2885 501 2946 fecit
521 2886 697 2946 inuectiuam
717 2897 819 2946 contra
841 2885 989 2945 inimicum
1013 2903 1098 2945 suum
1116 2893 1145 2942 et
1165 2884 1262 2960 ipsum
1282 2882 1364 2941 duxit

212 2965 250 3024 ad
275 2975 409 3039 mortem,
430 2967 470 3028 ita
492 2969 546 3027 iste
567 2969 629 3027 uult
651 2969 746 3028 facere
768 2969 944 3027 inuectiuam
969 2976 1069 3026 contra
1092 2965 1243 3023 inimicum
1267 2981 1362 3033 suurn,

213 3065 302 3124 quem
321 3066 383 3106 non
402 3049 535 3108 nominat
551 3067 605 3125 pro
625 3050 765 3127 despectu
784 3050 837 3109 sed
855 3050 953 3126 ipsum
967 3048 1094 3126 appellat
1107 3047 1177 3106 ibim
1192 3063 1246 3123 pro
1259 3045 1364 3104 maiori

213 3130 367 3201 dedecore,
382 3131 451 3206 quia
465 3132 519 3190 ibis
534 3140 578 3190 est
592 3132 655 3191 auis
669 3131 877 3191 sordidissima.
918 3130 956 3190 P.
1344 3202 1350 3213 ι

253 3212 304 3270 Ait
318 3210 441 3272 Ouidius
456 3213 486 3270 in
500 3213 573 3271 libro
588 3213 729 3272 Tristium
747 3213 833 3271 Dum
849 3213 942 3271 iuuat
958 3221 991 3272 et
1010 3210 1105 3271 uultu
1122 3209 1209 3269 ridet
1227 3209 1364 3268 fortuna

212 3293 365 3353 secundo
386 3293 594 3354 Indelibatas
615 3306 735 3355 cuncta
756 3304 941 3372 sequuntur
961 3312 1051 3370 opes.
1093 3292 1136 3350 At
1157 3291 1255 3350 simul
1277 3291 1365 3349 into·

213 3375 282 3434 nuit
302 3374 436 3452 fugiunt
456 3394 518 3435 nec
537 3378 689 3436 noscitur
707 3377 764 3435 ulli
784 3377 987 3452 Agminibus
1006 3374 1165 3435 comitum
1185 3374 1241 3450 qui
1261 3371 1363 3430 modo

214 3457 345 3516 cinctus
366 3467 447 3517 erat.
492 3457 540 3516 Sic
561 3458 648 3534 igitur
669 3459 739 3518 dum
761 3458 885 3519 Ouidius
909 3458 1101 3534 prosperitate
1122 3455 1237 3513 floreret
1257 3453 1364 3512 domus

213 3538 275 3597 eius
297 3539 382 3597 turba
402 3539 544 3598 nobilium
565 3539 809 3615 frequentabatur,
831 3550 988 3617 postquam
1009 3555 1079 3597 uero
1100 3537 1130 3594 in
1151 3535 1270 3595 exilium
1291 3534 1364 3593 rele-

212 3629 299 3696 gatus
313 3629 366 3690 est,
381 3638 485 3680 omnes
501 3639 597 3697 paene
612 3621 807 3681 discesserunt
825 3630 989 3681 metuentes
1006 3626 1126 3696 propter
1142 3617 1364 3676 familiaritatem

213 3702 276 3760 eius
290 3703 363 3760 iram
377 3702 559 3779 imperatoris
573 3703 730 3763 incurrere.
773 3702 904 3776 Quidam
918 3703 1005 3760 etiam
1020 3700 1057 3759 de
1072 3718 1109 3759 eo
1122 3699 1216 3757 malos
1230 3714 1363 3756 rumores

212 3782 325 3842 ferebat
343 3783 373 3841 in
391 3782 470 3843 curia
487 3793 621 3843 metuens
641 3803 677 3844 ne
695 3785 732 3844 de
749 3785 835 3844 exilio
854 3785 918 3862 ipse
936 3783 1113 3860 repatriaret,
1129 3779 1228 3840 Ouidii
1246 3796 1364 3854 posses-

213 3865 314 3924 siones
329 3865 429 3924 sitiens
443 3875 472 3925 et
488 3883 618 3925 uxorem.
661 3866 729 3926 Hac
747 3867 833 3943 igitur
848 3868 885 3926 de
899 3883 988 3925 causa
1006 3861 1175 3939 compulsus
1190 3859 1314 3920 Ouidius
1333 3859 1364 3918 in

213 3964 282 4005 eum
297 3946 366 4006 facit
380 3947 571 4019 inuectiones,
583 3947 630 4006 uel
644 3947 714 4007 odio
728 3966 783 4008 suo
798 3948 879 4025 quod
892 3965 963 4024 erga
975 3945 1106 4005 inuidum
1121 3943 1249 4002 habebat
1262 3950 1292 4000 et
1305 3941 1364 4000 irae

214 4045 286 4087 suae
304 4029 425 4105 cupiens
441 4028 606 4088 satisfacere
625 4030 671 4088 uel
692 4049 744 4107 per
762 4030 942 4088 inuectiones
961 4029 1030 4087 istas
1048 4045 1066 4085 a
1084 4025 1270 4084 detractionis
1288 4022 1364 4082 uitiis

215 4111 384 4170 absterrere.
426 4109 549 4170 Materia
570 4111 655 4187 igitur
671 4111 756 4171 huius
776 4111 901 4170 auctoris
920 4111 950 4169 in
971 4109 1028 4169 hoc
1046 4125 1135 4185 opere
1154 4116 1198 4165 est
1217 4104 1364 4164 execratio

215 4191 314 4263 inuidi‚
330 4193 454 4251 intentio
468 4194 596 4252 execrari
614 4193 746 4253 iuuidum
765 4192 899 4252 faciendo
913 4191 1094 4251 inuectiones
1108 4190 1139 4247 in
1155 4189 1261 4265 ipsum,
1275 4203 1365 4245 causa

215 4273 386 4333 intentionis
399 4273 506 4350 duplex
520 4274 568 4332 uel
584 4283 617 4332 ut
636 4275 695 4334 irae
716 4293 786 4334 suae
804 4285 834 4333 et
852 4273 922 4333 odio
942 4274 972 4331 in
993 4272 1125 4331 inuidum
1143 4269 1299 4330 satisfaciat
1317 4268 1365 4326 uel

215 4364 248 4414 ut
262 4373 330 4414 eum
343 4355 511 4415 execrando
526 4374 543 4414 a
557 4355 733 4415 detractione
748 4355 896 4416 deterreat.
938 4354 1053 4413 Vtilitas
1068 4363 1111 4412 est
1124 4361 1185 4410 tota
1202 4349 1326 4410 auctoris
1341 4367 1364 4408 s.

216 4436 369 4496 delectatio
384 4455 473 4512 quam
494 4436 581 4496 habet
600 4437 802 4497 maledicendo
823 4438 933 4508 inuido,
948 4436 994 4495 uel
1015 4435 1120 4494 utilitas
1139 4443 1184 4494 est
1203 4431 1318 4491 lectoris
1340 4449 1363 4490 s.

215 4517 346 4595 cognitio
371 4517 534 4589 fabularum
562 4519 592 4577 in
617 4519 674 4580 hoc
698 4537 788 4596 opere
813 4520 1042 4596 compilatarum.
1092 4516 1208 4576 Titulus
1231 4514 1296 4573 talis
1320 4522 1365 4572 est
