3294 5214
292 420 371 482 xxxa
448 381 452 390 ’
711 417 1038 480 enoruuomuur.

455 580 506 633 Τὸν
526 577 624 634 Φθόνον
644 578 772 632 ὧπόλλων
791 575 855 634 ποδί
872 577 894 632 τ’
915 581 1016 648 ἤλασεν
1036 579 1085 633 ὧδε
1106 577 1128 632 τ’
1149 580 1244 634 ἔειπεν·

454 659 598 733 Ἀσσυρίου
618 661 742 728 ποταμοῖο
762 658 842 732 με’γας
861 659 931 732 ῥόος,
952 661 1021 715 ἀλλὰ
1041 661 1073 715 τὰ
1093 661 1182 715 πολλὰ

456 740 560 812 Aipora
579 743 627 814 γῆς
647 741 688 795 καί
708 742 809 796 πολλὸν
828 740 872 812 ἐφ’
893 739 966 796 ὕδατι
987 743 1119 814 συρφετὸν
1139 740 1217 797 ἕλκει.

456 825 521 892 Δηοῖ
539 821 561 878 δ’
583 823 628 877 οὐκ
648 821 699 876 άπὸ
719 823 814 878 πάντας
833 820 902 895 ὕδωρ
922 820 1049 895 φορέουσι
1069 822 1205 892 μέλισσαι,

455 903 530 958 Ἀλλ’
551 903 606 974 η’τις
626 901 721 974 καθαρὴ
741 925 770 957 τι
790 904 831 958 καί
851 903 995 976 άχράαντος
1014 903 1117 977 άνέρπει

455 986 568 1043 Πίδακος
587 985 617 1055 ἐξ
637 986 705 1056 ἱερῆς
724 983 801 1056 ὀλίγη
821 985 908 1053 λίβος,
927 977 1006 1057 άκρον
1025 985 1114 1041 dovor.

457 1069 544 1139 Χαῖρε,
565 1066 637 1137 άναξ·
666 1067 681 1120 ὀ
702 1065 731 1120 δὲ
751 1070 855 1136 Μῶμος,
875 1063 909 1122 ἵν’
930 1069 946 1120 ὁ
966 1066 1076 1139 φθόρος,
1096 1067 1157 1122 ἔνθα
1177 1067 1269 1125 νέοιτο.

293 1147 409 1220 Quibus
423 1144 615 1223 Apollonium
628 1144 783 1204 manifesta
796 1145 919 1222 parodia
931 1146 1119 1222 respondisse
1134 1147 1204 1222 Arg.
1218 1146 1258 1207 iii.
1273 1167 1291 1223 9
1295 1163 1332 1222 32

455 1229 572 1299 Ἀκλειὴς
592 1227 637 1284 ὅδε
655 1229 752 1298 μάντις,
773 1227 802 1285 ὃς
822 1228 876 1284 οὐδ’
897 1228 949 1284 ὅσα
968 1230 1057 1286 παῖδες
1076 1227 1168 1285 ’ίσασιν

456 1307 517 1366 Oi&
536 1315 585 1386 νόῳ
606 1310 790 1384 φράσσασθαι,

293 1390 453 1453 Merkelius
465 1400 565 1450 censet
576 1389 701 1470 (Proleg.
711 1389 861 1467 Apollonii
871 1387 1001 1469 p.'xviii):
1016 1388 1088 1450 illud
1102 1399 1179 1450 certe
1190 1397 1287 1468 potest
1297 1407 1335 1448 ex
1347 1389 1447 1450 Schol.

293 1477 346 1531 Οὐκ
364 1469 472 1553 ἄγαμαι]
485 1471 606 1546 Ἐγκολεῖ
619 1474 660 1528 διὰ
676 1473 773 1529 τούτων
791 1474 851 1531 τοὺς
869 1478 1035 1532 σκάπτοντας
1051 1475 1126 1530 αὐτὸν
1139 1473 1174 1544 μὴ
1195 1472 1319 1529 δύνασθαι
1339 1475 1448 1542 ποιησαι

292 1557 359 1631 μέγα
371 1558 475 1628 ποίημα,
491 1555 550 1611 ὅθεν
567 1553 714 1628 ἠναγκάσθη
732 1557 839 1624 ποιῆσαι
858 1555 904 1626 τὴν
922 1556 1032 1624 ἘκαΆην
1050 1554 1154 1625 conici,
1176 1572 1237 1630 quo
1258 1560 1392 1628 tempore
1411 1570 1447 1610 ea

293 1637 485 1696 scriberentur
506 1654 524 1694 a
544 1633 735 1705 Callimacho,
758 1634 949 1711 Apollonium
969 1635 1048 1693 lama
1068 1636 1143 1711 epici
1169 1634 1308 1695 carminis
1333 1642 1447 1692 tantum

292 1718 462 1789 innotuisse,
477 1727 509 1775 ut
526 1734 581 1794 pro
600 1716 682 1774 riuali
700 1715 861 1789 haberetur,
877 1735 973 1797 neque
994 1734 1026 1776 se
1047 1716 1202 1794 indignum
1222 1723 1338 1793 putaret
1357 1713 1446 1774 Calli·

291 1799 415 1860 machus
429 1799 468 1858 ad
481 1797 638 1874 prolixiora
651 1797 773 1874 accingi.
1236 1805 1242 1816 ·

333 1879 423 1938 Aliud
443 1888 576 1955 superest
595 1878 675 1938 rixae
695 1888 929 1950 monumentum,
945 1879 969 1938 si
990 1879 1082 1938 modo
1104 1878 1165 1950 suit,
1183 1877 1365 1956 epigramma
1383 1874 1447 1935 An-

291 1961 440 2038 thologiae
461 1959 608 2021 Palatinae
629 1961 668 2020 xi.
691 1972 749 2036 275
775 1960 856 2038 quod
874 1962 1053 2018 Ἀπολλωνίου
1074 1965 1250 2037 γραμματικοῦ
1274 1959 1446 2036 inscriptum

293 2051 345 2104 est.
777 2051 781 2058 ’

415 2125 583 2198 Καλλίμαχος
602 2125 632 2179 τὸ
652 2125 776 2197 κάθαρμα,
797 2127 827 2180 τὸ
847 2125 971 2198 παίγνιον,
993 2128 1008 2180 d
1028 2124 1132 2195 ξύλινος
1151 2129 1217 2197 νοῦς,

456 2206 543 2263 Ainos
562 2211 577 2262 ὁ
596 2208 709 2280 γράψας
723 2204 797 2262 Alma
817 2207 994 2278 Καλλιμάχου.

335 2285 384 2346 Sic
404 2287 484 2345 enirn
505 2284 663 2362 legendum
683 2286 798 2346 uidetur
818 2305 855 2345 ex
878 2285 981 2346 codice
1003 2285 1257 2362 Heidelbergensi,
1279 2301 1341 2342 non
1364 2282 1446 2362 quod

293 2368 411 2428 uolebat
421 2367 568 2428 Bentleius
583 2370 758 2442 Καλλίμαχος,
769 2386 836 2427 cum
846 2371 1016 2442 Καλλιμάχου
1026 2369 1114 2426 etiarn
1123 2364 1293 2426 Eustathius
1308 2365 1445 2424 exhibeat

292 2449 332 2508 ad
351 2450 442 2509 Hom.
462 2449 624 2521 Od.14aa.
665 2448 764 2509 Verba
785 2450 827 2508 sic
848 2449 983 2508 uerterim
993 2454 1052 2508 :-‘
1062 2447 1266 2519 Callimachus,
1285 2446 1348 2505 that
1368 2447 1444 2522 heap

292 2531 328 2590 oi
338 2532 466 2604 rubbish,
478 2531 540 2590 that
554 2530 665 2601 sribble‚
676 2530 738 2589 that
751 2530 835 2590 mind
848 2530 882 2590 of
892 2530 987 2600 wood,
1003 2531 1027 2590 is
1040 2539 1071 2589 to
1086 2528 1210 2601 blame,*
1226 2528 1274 2587 the
1288 2546 1369 2587 same
1384 2527 1445 2586 that

292 2623 381 2673 wrote
399 2612 448 2672 the
469 2613 541 2669 Αἵτια
562 2611 596 2670 oi
613 2610 838 2684 Callimachus;’
858 2612 923 2672 lre.
940 2611 1136 2671 Callimachus
1157 2611 1207 2687 qui
1228 2609 1342 2686 scripsit
1362 2607 1445 2679 Αίτια,

293 2712 411 2753 carmen
426 2695 462 2754 de
477 2694 571 2752 causis
590 2693 711 2752 deorum
730 2702 760 2752 et
780 2694 912 2763 heroum,
927 2693 1047 2769 plenum
1067 2691 1228 2769 quisquiliis
1248 2708 1355 2760 rerum,
1370 2689 1444 2760 leue,

292 2775 399 2835 nullius
416 2775 534 2851 ingenii,
548 2775 612 2850 ipse
632 2792 752 2834 eausam
774 2775 853 2833 dedit
872 2773 941 2832 huic
962 2774 999 2832 de
1020 2793 1052 2834 se
1072 2773 1198 2846 iudici03
1221 2773 1263 2832 sic
1284 2771 1364 2830 enim
1384 2770 1445 2830 lere

292 2856 408 2932 singula
421 2857 626 2932 interpretatus
641 2865 685 2914 est
700 2855 859 2924 Merkelius
874 2855 984 2915 Prolus.
1000 2856 1038 2915 ad
1051 2854 1096 2914 Ib.
1111 2874 1140 2933 p.
1154 2857 1240 2930 34a.†

333 2936 523 3014 Epigramma
541 2936 731 3013 Apollonium
749 2936 849 2996 Rhodi
867 2937 928 2996 iarn
948 2936 1115 2996 exulantem
1136 2935 1293 3012 scripsisse,
1308 2931 1445 2992 Callima-

293 3019 382 3079 chum
397 3037 434 3077 eo
448 3018 612 3078 lacessitum
622 3017 690 3076 Ibin
703 3019 830 3078 edidisse
843 3017 1002 3078 Merkelius
1016 3028 1045 3076 et
1060 3017 1098 3078 Ο.
1110 3016 1305 3077 Schneiderus
1316 3013 1445 3094 (Callian.

292 3101 320 3160 ii.
343 3118 371 3176 p.
389 3097 459 3179 276)
484 3098 672 3159 crediderunt.
716 3100 808 3172 Quod
833 3100 887 3160 etsi
909 3100 996 3159 ualde
1016 3100 1160 3158 incertum
1181 3107 1233 3168 est,
1256 3107 1445 3156 tamencum
1512 3169 1514 3172 .

292 3182 464 3241 adulescens
499 3181 596 3240 adhuc
610 3235 614 3240 .
630 3178 806 3257 Apollonius
844 3182 876 3240 in
910 3180 1051 3240 Rhodum
1088 3179 1246 3248 secesserit,
1281 3177 1313 3236 id
1346 3185 1445 3236 autem

293 3261 468 3322 Ritschelius
485 3281 523 3321 ex
544 3263 763 3339 comparatione
783 3271 951 3338 temporum
973 3263 1050 3322 circa
1067 3261 1114 3322 Ol.
1134 3279 1188 3337 ¹31
1206 3259 1271 3339 (nc.
1288 3254 1444 3336 256-253)

293 3345 398 3405 cadere
418 3343 537 3403 euicerit
558 3342 682 3423 (Opusc.
698 3344 715 3401 i.
741 3362 791 3420 pp.
807 3347 845 3418 69
867 3352 896 3402 et
919 3341 980 3421 73),
1006 3343 1067 3402 Ibis
1092 3351 1160 3402 ante
1188 3341 1219 3400 id
1247 3349 1364 3416 tempus
1393 3339 1444 3397 uix

292 3426 386 3504 potuit
396 3425 489 3485 scribi.
521 3424 625 3502 Neque
639 3442 711 3484 uero
722 3425 771 3482 diu
786 3434 854 3501 post
868 3442 919 3484 eos
931 3443 1025 3484 annos
1036 3425 1172 3501 scriptam
1182 3421 1364 3492 crediderim,
1375 3437 1444 3479 cum

293 3525 385 3566 senex
404 3507 463 3565 iam
483 3504 678 3565 Callimachus
699 3504 905 3580 deuotionibus
927 3506 1047 3565 riualem
1067 3505 1118 3563 uix
1136 3505 1331 3564 insectaturus
1350 3500 1445 3559 fuerit.

294 3586 374 3648 Nam
391 3588 414 3646 si
433 3587 625 3647 Ritschelium
644 3588 735 3647 secuti
750 3585 922 3646 Callimachi
940 3587 1052 3646 natales
1066 3587 1143 3646 circa
1158 3585 1205 3645 Ol
1220 3584 1282 3662 ff}
1295 3601 1348 3644 rac.
1364 3600 1445 3657 324-

294 3682 363 3745 317,
377 3669 526 3746 Apollonii
547 3669 594 3730 Ol.
608 3670 670 3748 ff}
690 3687 743 3730 nc.
760 3669 900 3745 276-269
921 3669 1069 3745 ponimus,
1090 3668 1137 3727 hic
1158 3667 1190 3726 in
1211 3665 1445 3740 01.131ann0s

290 3751 395 3829 'uiginti
409 3751 474 3828 plus
488 3751 632 3823 minusue,
647 3749 843 3810 Callimachus
857 3751 1007 3827 sexaginta
1020 3749 1174 3808 minimum
1188 3747 1298 3807 habuit.
1337 3789 1343 3798 .

333 3832 380 3893 Ex
397 3832 484 3892 Ibide
506 3831 702 3892 Callimachea
723 3850 791 3891 curn
811 3851 850 3890 ne
870 3850 963 3890 unum
984 3830 1103 3908 quidem
1124 3829 1321 3906 fragmentum
1338 3821 1446 3886 Graeci

293 3915 462 3976 tradiderint
482 3933 537 3973 nec
556 3914 612 3974 nisi
632 3932 669 3973 ex
684 3912 782 3972 Ouidii
796 3913 880 3972 Ibide
899 3922 927 3972 et
946 3913 1008 3972 eius
1022 3912 1140 3972 scholiis
1155 3911 1313 3988 quicquam
1326 3906 1446 3967 innotu-

327 4096 342 4129 *
359 4095 452 4143 ‘Poena
463 4095 545 4158 dignus
556 4093 604 4142 est’
615 4095 685 4142 uertit
696 4093 828 4142 Gerhardus
839 4109 862 4154 p.
873 4105 895 4156 5.

325 4159 344 4215 †
360 4160 476 4220 Apollonii
484 4160 569 4206 Rhodii
577 4175 633 4208 num
642 4157 783 4224 epigramma
790 4160 826 4216 sit,
835 4160 932 4217 dubites,
942 4173 994 4206 cum
1002 4157 1171 4222 γραμματικοῦ
1182 4158 1315 4218 inscriptum
1323 4155 1361 4210 sit,
1370 4163 1445 4214 neque

294 4223 428 4284 Apollonius
445 4225 505 4272 solus
522 4226 659 4286 inpatienter
678 4224 756 4272 tulerit
772 4224 909 4273 Callimachi
922 4239 1010 4285 poesrn,
1029 4239 1092 4272 curus
1109 4240 1143 4272 rer
1160 4233 1223 4271 testis
1240 4232 1274 4271 est
1291 4222 1371 4270 Suidas
1391 4234 1410 4268 ς.
1421 4232 1445 4266 u.

292 4287 447 4350 Σιβηριανός.
469 4287 504 4350 Τὰ
520 4289 565 4350 μὲν
576 4287 619 4337 οὖν
629 4289 679 4338 τῶν
693 4288 777 4338 ἄλλον
792 4289 896 4350 ποιητῶν
910 4287 1044 4350 ἀπεδέχετο
1060 4287 1167 4352 μετρίοις,
1180 4287 1226 4336 τὸν
1241 4286 1267 4335 δὲ
1279 4283 1446 4344 Καλλίμαχον

294 4355 326 4403 eis
342 4355 425 4417 χεῖρας
440 4351 527 4409 λαβὼν
537 4355 582 4402 orire
596 4353 665 4404 ἔστιν
676 4353 719 4403 ὅτε
736 4355 764 4402 οὔ
780 4353 937 4404 κατέσκαπτε
953 4353 998 4402 τὸν
1009 4353 1085 4409 Λίβυν
1096 4351 1203 4416 ποιητήν·
1220 4351 1349 4414 ἀνιώμενος
1365 4345 1390 4397 δὲ
1408 4344 1445 4395 itt

291 4419 391 4481 μᾶλλον
407 4417 453 4482 ἤδη
470 4420 600 4481 πολλαχοῦ
617 4418 658 4468 καί
674 4421 711 4482 τῷ
728 4419 819 4483 βιβλίῳ
835 4421 980 4484 σμοαίπτυς.
1013 4420 1086 4469 Anth.
1098 4421 1125 4467 P.
1137 4421 1170 4468 xi.
1184 4420 1267 4482 347,8
1285 4407 1445 4480 Γιγνίυακοιμ’
1519 4433 1520 4436 “

293 4485 339 4534 ὅσα
351 4483 440 4534 λευκὸν
450 4483 504 4547 ίχιι
516 4485 612 4546 στίχον,
622 4487 638 4547 ἡ
650 4483 675 4534 δὲ
688 4484 789 4546 μέλαινα
799 4483 903 4550 Ἰστορίη
914 4484 984 4548 τίμιοι
995 4483 1052 4533 τοὺς
1062 4481 1297 4550 Πιρικσλλιμάχους.
