3296 5210
651 474 874 536 EXCVRSVS.
1282 481 1338 536 185

219 631 266 687 An
287 642 330 688 est
353 632 472 686 Broteas
495 631 634 688 Hercules
656 632 804 689 Bruttius?
846 636 922 688 Nam
948 633 1086 689 Hercules
1111 635 1140 689 in
1166 635 1339 690 Bruttiorum

183 720 271 758 numo
287 703 394 770 fulmen
407 712 507 758 tenens
524 702 665 758 inuenitur
678 704 732 773 (Cu
754 722 785 758 er
798 706 937 773 Harpocr.
950 721 977 774 p.
987 704 1048 773 65):
1068 722 1160 776 neque
1173 705 1338 760 incredibile

183 784 228 829 est
241 785 269 829 et
282 774 348 828 huie
361 784 507 844 tamquam
520 773 645 829 tonitrali
658 774 713 829 deo
727 721 831 844 (bross.
847 775 1036 830 Laudunense
1051 792 1078 845 p.
1093 788 1128 841 70
1142 775 1170 829 in
1187 779 1300 830 Notices
1312 782 1341 830 et

182 846 320 899 Ertror'ts
332 843 399 899 anni
415 845 491 913 1880,
504 845 628 913 Βροταῖος
638 845 795 914 tom'trolrs)
809 847 930 900 Broteae
942 863 1046 900 nomen
1063 846 1228 901 adhaesisse
1240 867 1247 913 ;
1266 847 1343 901 sicut-

184 915 359 970 Bruttiorum
378 932 483 970 nomen
502 915 538 970 ab
554 915 656 970 eadem
673 915 761 986 stirpe
778 916 843 970 duci
856 917 956 971 credas
969 935 1004 971 ex
1018 917 1208 986 Hesychianis
1223 918 1338 987 Βρέντιοι

183 985 258 1041 ἔθνος
270 985 297 1039 ἐν
307 983 414 1054 Ἰταλίᾳ.
452 983 566 1055 Βρεοταί·
586 983 703 1056 Βροντοί.
741 988 800 1042 Sed
815 997 843 1041 et
858 985 1023 1056 simpliciter
1036 988 1175 1043 Hercules
1188 988 1229 1043 sic
1242 988 1338 1044 uocari

183 1056 296 1126 potuit;
315 1073 379 1110 cum
396 1058 452 1111 hoc
468 1055 584 1111 nomine
600 1055 663 1112 aliis
680 1055 725 1112 dis
737 1056 952 1128 adsimilaretur,
966 1057 1013 1128 qui
1031 1058 1107 1127 rogis
1119 1059 1289 1129 consumpti,
1305 1077 1341 1114 ex

184 1127 351 1182 mortalibus
368 1127 551 1195 immortales,
564 1144 644 1181 arces
660 1127 812 1197 attigerunt
831 1127 936 1196 igneas.
974 1128 1049 1183 Audi
1062 1129 1243 1184 Welckerum
1257 1130 1340 1186 Grie·

185 1198 291 1252 chisch.
307 1199 424 1254 Giitterl.
439 1198 466 1252 ii.
480 1215 506 1280 p.
521 1210 582 1266 797.
613 1199 654 1253 So
673 1198 708 1252 ist
728 1198 779 1253 der
795 1199 1089 1268 Selbstverbrennung
1102 1201 1157 1254 des
1176 1201 1340 1270 Assyrisch-

185 1269 347 1337 Lydischen
360 1268 419 1322 und
433 1268 609 1323 Kilikischen
623 1268 740 1324 Sandon
753 1268 782 1322 in
795 1268 861 1325 dem
875 1269 1047 1324 Oetaischen
1061 1271 1278 1327 Flammentode
1287 1273 1339 1326 des

185 1339 328 1394 Herakles
345 1340 525 1408 nachgeamt‚
544 1338 642 1394 indam
661 1339 711 1394 der
730 1339 810 1395 Geist
833 1339 983 1395 desselben
1005 1358 1036 1394 zu
1058 1340 1113 1397 den
1134 1342 1339 1411 Olympischen

183 1411 306 1464 Giittem
325 1411 470 1479 iibergeht,
489 1410 622 1464 wahrend
642 1410 693 1465 der
712 1410 781 1465 Leib
798 1409 827 1463 in
843 1411 939 1465 Asche
957 1411 1069 1466 zerfa'llt.
1109 1413 1142 1465 ln
1160 1412 1210 1466 der
1223 1413 1339 1467 Trachi-

184 1479 332 1536 nierinnen
345 1482 395 1535 hat
408 1480 501 1536 dieser
513 1481 672 1550 entlehnter
682 1481 800 1549 Mythus
813 1480 937 1535 deutlich
950 1498 1045 1550 genug
1056 1481 1134 1536 nicht
1148 1482 1204 1536 den
1218 1483 1339 1537 Phiinix-

185 1550 295 1620 artigen
322 1552 475 1606 Character
499 1551 550 1606 der
571 1552 778 1620 Verbrennung
801 1550 880 1607 einer
903 1550 1088 1621 Zeitperiode.
1137 1555 1257 1608 Miinzen
1283 1572 1339 1608 von

185 1623 291 1676 Tarsos
309 1621 460 1692 hingegen,
478 1639 521 1675 wo
540 1638 606 1676 man
622 1621 744 1692 jahrlich
762 1621 809 1676 die
827 1621 1018 1690 symbolisehe
1039 1623 1206 1677 Caremonie
1225 1623 1338 1678 wieder-

185 1693 271 1817 holga
301 1694 447 1748 enthalten
478 1692 533 1748 den
564 1692 752 1762 Assyrischen
785 1694 883 1762 Rogus
917 1693 991 1747 nach
1025 1692 1118 1748 seiner
1149 1693 1339 1751 Kosmischen

185 1765 227 1818 Be
248 1772 364 1832 eutung.

222 1835 260 1889 Et
273 1833 461 1904 adstipulatur
475 1833 571 1889 Liuius
584 1833 673 1889 xxxvi.
687 1849 723 1902 30
733 1835 798 1905 Ipse
812 1835 910 1889 Oetam
927 1834 1052 1889 ascendit
1062 1834 1237 1904 Herculique
1252 1837 1340 1890 sacri·

176 1907 281 1976 ficium
291 1906 364 1975 fecit
378 1906 411 1959 in
428 1921 459 1958 eo
469 1905 528 1959 loco
540 1921 621 1975 quem
635 1906 761 1975 Pyram,
774 1907 852 1976 quod
865 1906 908 1960 ibi
923 1905 1043 1960 mortale
1059 1909 1162 1977 corpus
1172 1907 1234 1960 eius
1244 1907 1341 1962 deisit

184 1981 348 2044 crematum,
361 1976 514 2046 appellant.

220 2047 268 2101 Ad
281 2049 351 2115 525,
363 2051 393 2100 6.
412 2048 506 2128 Quam
519 2045 640 2101 difficilis
652 2046 793 2116 explicatu
809 2046 857 2100 hic
868 2047 946 2102 locus
960 2046 996 2101 sit
1009 2046 1112 2102 docent
1127 2064 1185 2101 non
1202 2047 1340 2102 recentio-

185 2135 248 2172 rum
261 2118 353 2172 solum
363 2116 511 2187 opiniones
525 2118 576 2171 sed
588 2116 804 2172 scholiastarum
817 2135 929 2188 quoque
939 2127 1108 2172 commenta.
1134 2121 1230 2173 Vnum
1243 2128 1339 2173 tamen

186 2198 297 2243 ueteres
308 2187 493 2243 ‘Scholiastae
511 2188 618 2242 habent
640 2205 790 2243 commune
810 2189 887 2258 quod
905 2190 1040 2242 dextera
1052 2189 1145 2242 laesa
1166 2188 1202 2243 de
1221 2199 1340 2259 accepto

185 2259 302 2314 uulnere
320 2259 546 2328 interpretantur.
585 2259 696 2312 Horum
713 2258 837 2328 optimus
851 2260 877 2312 G
894 2257 1050 2313 haecdicit
1068 2259 1197 2328 Orpheus
1214 2264 1343 2329 repertor

184 2330 284 2384 illiciti
299 2330 407 2384 amoris
417 2347 436 2382 α
450 2329 638 2384 sacerdotibus
649 2329 756 2384 Bocchi
771 2329 914 2383 dexteram
932 2331 1036 2383 omisit.
1079 2330 1158 2383 Tunc
1174 2330 1224 2384 ille
1242 2331 1341 2385 urilens

185 2416 214 2453 se
230 2417 287 2454 non
299 2405 382 2471 posse
393 2398 565 2455 etthonoore
575 2401 666 2454 irruo
681 2402 712 2453 in
727 2417 774 2453 eas
788 2399 866 2453 nr'ltr'l
875 2416 980 2453 curans
990 2400 1024 2453 de
1036 2401 1100 2454 uita
1111 2406 1139 2454 et
1150 2406 1280 2454 mortuus
1291 2406 1339 2454 est.

187 2471 269 2540 Quae
281 2480 311 2526 ut
324 2488 381 2525 non
394 2479 513 2540 possunt
526 2487 589 2526 esse
602 2487 678 2539 uera,
691 2469 731 2524 ita
743 2478 836 2539 potest
849 2470 917 2523 illud
931 2470 1048 2525 subesse
1058 2469 1125 2538 ueri,
1136 2471 1213 2540 quod
1224 2472 1341 2525 dextero

185 2541 264 2596 laeso
278 2541 338 2597 eius
352 2541 474 2596 creditur
486 2540 533 2611 qui
552 2540 645 2612 ly¹rom
663 2557 789 2594 seueram
807 2549 987 2595 tractauerat.
1025 2541 1087 2595 Nec
1106 2558 1176 2596 sane
1194 2541 1296 2595 mirum
1316 2542 1339 2596 si

187 2611 335 2668 citharista
351 2613 396 2668 uel
414 2611 520 2682 lyricen
538 2610 635 2666 fractis
652 2611 765 2666 chordis
783 2612 884 2665 uulnus
901 2628 987 2666 manu
1005 2610 1124 2681 accepit.
1163 2613 1263 2682 Itaque
1282 2629 1340 2667 non

187 2683 224 2738 de
242 2689 327 2753 potita
344 2683 456 2752 rectius,
476 2699 562 2753 quam
581 2682 617 2736 de
636 2681 758 2751 fidicine,
776 2699 875 2736 uersus
897 2681 1029 2750 explices.
1068 2683 1248 2752 Quamquam
1270 2683 1340 2737 satis
1419 2688 1420 2692 ’

187 2754 378 2809 cohaerebunt
400 2770 506 2821 uersus,
525 2752 549 2807 si
571 2752 674 2808 fidicen
693 2752 748 2820 ille,
767 2751 894 2823 quisquis
912 2752 972 2820 fuit,
992 2751 1060 2805 dum
1079 2752 1238 2821 segniorem
1257 2753 1340 2808 disci-

187 2825 285 2949 ffilum
303 2823 431 2894 instituit,
446 2823 534 2878 iratus
553 2840 618 2879 eum
637 2825 801 2879 uulnerasse
817 2833 845 2878 et
864 2823 900 2877 ob
918 2823 972 2877 hoc
991 2822 1052 2892 ipse
1071 2822 1235 2879 interfectus
1253 2823 1341 2880 fuisse

226 2899 332 2964 getan

225 2967 303 3021 Inter
322 2965 482 3022 citharistas
504 2982 589 3020 nemo
611 2965 683 3020 Lino
703 2965 805 3020 notior.
842 2964 916 3019 Vide
935 2981 1009 3034 quae
1029 2963 1173 3033 congessit
1192 2964 1341 3020 Clintonus

188 3037 220 3092 F.
241 3038 279 3091 H.
299 3036 316 3092 i.
336 3053 385 3106 pp.
406 3051 466 3105 341,
486 3051 510 3106 2,
530 3037 696 3092 Welclrerus
717 3037 761 3090 Kl.
780 3035 892 3091 Schrift
913 3035 929 3089 i.
949 3052 996 3105 pp.
1013 3036 1091 3104 8-55.
1130 3037 1216 3090 Hunc
1235 3036 1340 3106 duplici

187 3107 275 3161 modo
291 3107 492 3177 interemptum
510 3106 644 3163 tradunt:
666 3107 723 3175 alii,
739 3107 775 3161 ab
791 3107 930 3176 Apolline,
947 3106 1024 3176 quod
1041 3105 1148 3176 primus
1165 3106 1272 3160 omisso
1291 3107 1340 3160 lini

187 3194 240 3232 usu
258 3195 293 3232 ex
311 3177 405 3234 neruis
421 3177 542 3232 chordas
561 3177 658 3233 lecerit
673 3177 814 3246 (Eustath.
832 3178 907 3245 1163,
921 3177 1014 3232 Schol.
1031 3178 1063 3232 ll.
1076 3176 1150 3231 xviii.
1167 3177 1228 3246 570)
1243 3177 1289 3232 alii
1303 3179 1340 3232 ab

189 3249 322 3318 Hercule,
335 3265 400 3303 cum
419 3266 437 3303 a
456 3248 528 3303 Lino
546 3249 711 3303 uerberatus
728 3250 807 3318 ¹quod
825 3265 925 3319 parum
944 3248 1042 3302 sollers
1062 3247 1090 3302 in
1106 3247 1242 3303 discendo
1256 3259 1340 3317 esset,

187 3319 355 3388 magistrum
374 3337 456 3373 suum
474 3319 581 3389 plectro
600 3320 646 3373 uel
662 3321 724 3389 lyra
743 3319 872 3374 enecauit
893 3318 966 3389 (Ael.
983 3319 1017 3374 V.
1036 3320 1074 3373 H.
1089 3317 1125 3372 iii.
1141 3333 1183 3388 32,
1204 3321 1287 3373 Paus.
1304 3320 1339 3374 ix.

188 3404 230 3472 29.
244 3405 269 3459 9,
289 3390 375 3445 Diod.
390 3389 428 3445 iii.
442 3390 486 3458 67,
504 3390 636 3460 Apollod.
648 3389 675 3444 ii.
689 3405 715 3458 4.
728 3388 764 3457 9).
804 3389 930 3459 Scriptor
948 3405 1081 3443 uersuum
1100 3389 1160 3443 siue
1179 3389 1342 3459 Apollinem

187 3477 249 3515 siue
269 3461 423 3516 Herculem
440 3460 572 3530 respexit,
590 3477 648 3515 non
668 3459 763 3530 inepte
781 3459 877 3516 omnia
897 3459 1089 3527 expedientur.
1126 3459 1165 3529 (1)
1186 3461 1225 3514 Vt
1245 3460 1341 3528 Linus,

188 3540 283 3586 uates
300 3532 393 3601 lyrae
413 3547 561 3599 seuerae,
574 3532 635 3586 he.
650 3529 801 3600 repertor*
813 3529 962 3585 seuerioris
975 3529 1108 3597 musicae,
1120 3546 1186 3583 ¹cum
1199 3547 1234 3584 ex
1246 3531 1341 3585 neruis

188 3602 310 3656 chordas
328 3601 435 3672 primus
454 3601 614 3670 intenderit,
633 3611 661 3658 et
680 3601 846 3656 naeniarum
865 3600 925 3654 siue
944 3600 1121 3654 Threnorum
1143 3610 1241 3654 auctor
1258 3601 1341 3656 luerit

189 3673 272 3742 (Plut.
288 3675 363 3728 Mus.
377 3671 427 3740 iii),
440 3672 477 3727 ob
492 3673 564 3726 hanc
581 3689 642 3726 rem
659 3672 696 3727 ab
711 3671 844 3740 Apolline
860 3679 1023 3740 peremptus
1036 3669 1146 3738 dicitur,
1160 3671 1238 3725 laesa
1254 3689 1341 3726 manu

186 3760 239 3813 per
257 3742 438 3798 intentiorem
456 3753 484 3798 et
502 3741 657 3798 acutiorem
676 3742 846 3796 chordarum
867 3741 996 3809 sormam,
1014 3739 1075 3794 siue
1095 3741 1171 3810 quod
1193 3741 1219 3795 ei
1237 3743 1342 3811 Apollo

187 3824 335 3883 tamquam
353 3815 465 3869 aemulo
484 3813 623 3882 inridens,
642 3829 759 3867 manum
777 3829 834 3882 qua
851 3811 1002 3880 praecipue
1018 3810 1058 3866 ad
1076 3810 1254 3880 psallendum
1273 3829 1341 3866 usus

187 3893 249 3940 erat
267 3883 425 3940 uulnerauit
443 3901 480 3939 ne
498 3883 619 3954 amplius
638 3893 729 3939 artem
746 3891 910 3950 ostentaret,
929 3880 1060 3936 Eustath.
1076 3880 1196 3951 ἄγροικος
1214 3882 1312 3936 νεανίας
1327 3885 1341 3934 ὁ

158 3982 161 3990 ·
189 3955 264 4010 Λίνος
281 3955 348 4023 dbis
367 3976 437 4009 τινος
455 3954 566 4025 εὑρετής,
585 3954 711 4023 Οὐρανίας
731 3955 793 4009 υἱός·
819 3950 849 4006 ὃν
866 3952 966 4006 ἀνεῖλεν
982 3949 1121 4006 Ἀπόλλων
1141 3951 1198 4006 ἐπεὶ
1218 3953 1248 4005 τὸ
1268 3951 1343 4007 λίνον

188 4024 336 4081 καταλύσας
347 4025 455 4108 χορδαῖς
467 4024 587 4078 ι’νέτεινεν
599 4025 717 4096 ὄργανον.
743 4024 781 4093 (2)
794 4025 833 4078 Vt
848 4023 942 4091 Linus,
953 4021 1077 4077 seuerior
1086 4021 1221 4091 magister
1233 4022 1341 4092 fidium,

189 4095 257 4151 dum
272 4097 388 4151 Herculi
406 4094 545 4167 discipulo
561 4095 648 4152 iratus
665 4096 802 4164 dextram,
815 4112 872 4166 qua
888 4092 1034 4164 inperitius
1051 4092 1199 4164 psallebat,
1212 4094 1341 4162 percutit,

222 4336 237 4370 ⁴¹
254 4331 329 4380 Schol.
340 4332 368 4380 Il.
379 4332 444 4381 xviii.
457 4339 506 4394 570
522 4329 586 4379 Φασὶ
603 4329 629 4378 tt
646 4328 722 4380 αὐτὸν
735 4329 761 4380 ἐν
775 4328 866 4390 Θήβαις
881 4329 988 4392 ταφῆναι
1001 4327 1043 4377 καὶ
1055 4327 1186 4390 τιμηθῆναι
1198 4325 1342 4391 θρηνῷδεσιν

187 4395 268 4461 ᾠδαῖς,
285 4395 313 4447 ἃς
332 4394 443 4445 λινοιδθας
462 4395 593 4445 ἐκάλεσαν.
618 4394 671 4446 ἔστι
692 4395 717 4446 δὲ
735 4395 810 4456 μέλος
828 4395 972 4460 θρηνητικὸν
991 4395 1005 4442 ὁ
1023 4391 1091 4443 λίνος
1109 4391 1162 4455 μετ’
1178 4392 1344 4457 θοχνοφοινίας

189 4461 304 4528 ᾀδόμενοι
316 4499 322 4512 .
336 4499 342 4512 .
355 4499 361 4512 .
374 4499 380 4511 .
391 4462 515 4526 ἐθρηνεῖτο
526 4459 575 4525 γὰρ
591 4459 661 4512 οὗτος
676 4460 740 4525 παρὰ
754 4462 804 4510 τῶν
815 4461 920 4511 Μουσῶν
931 4458 1012 4510 οὕτως,
1044 4458 1075 4508 Ὠ
1087 4458 1143 4507 Alte
1156 4459 1238 4523 (πᾶσι)
1250 4460 1342 4508 θεοῖσιν

189 4526 304 4590 Τετιμένε
320 4527 361 4576 ooi
377 4526 424 4591 γὰρ
435 4525 528 4577 tranat
540 4525 632 4590 Πρώτῳ
643 4525 717 4588 μέλος
728 4526 887 4591 ἀνθρώποισιν
908 4527 1000 4575 motois
1016 4526 1127 4589 λιγνραΐς
1142 4525 1230 4574 θεῖσαν
1254 4526 1343 4580 Φοῖβος

191 4593 216 4644 δὲ
228 4592 293 4657 νότῳ
304 4595 328 4643 o'
340 4593 436 4658 ἀναιρεῖ
445 4593 539 4643 Μοῦσαι
552 4591 577 4644 δέ
589 4609 618 4643 σε
630 4591 769 4658 θρηνέουσιν
781 4595 827 4658 (sic
839 4593 950 4658 Bergkius
962 4594 987 4640 P.
998 4593 1024 4643 L.
1036 4609 1059 4655 p.
1070 4594 1154 4658 1297).
