3312 5200
624 391 973 459 COMMENTARIVS.
1279 401 1334 458 141

183 553 276 609 Tzetz.
291 552 363 608 Chil.
376 572 402 609 v.
415 553 475 621 726,
490 555 658 623 Harpocran
672 570 694 609 s.
704 571 730 609 u.
743 555 878 624 Φαρμακός
891 573 897 610 :
916 553 1002 624 idque
1014 552 1149 609 usitatum
1161 552 1247 609 fuisse
1260 554 1338 624 apud

185 624 273 678 Ionas
286 625 373 694 liquet
386 642 421 679 ex
435 623 624 695 Hipponactis
636 624 734 694 fragm.
744 640 805 694 4-9‚
818 625 937 679 fortasse
950 625 1036 679 etiam
1050 627 1091 694 85,
1105 625 1177 679 sicut
1190 625 1226 680 de
1241 628 1337 680 Mace·

185 694 309 749 donibus
329 695 406 750 idem
428 695 567 764 significat
587 696 664 749 Curt.
682 695 738 750 viii.
757 709 782 762 7.
802 697 844 750 28.
878 695 1020 767 Equidem
1039 696 1166 765 suspicor
1183 696 1270 751 fuisse
1289 695 1337 766 qui

185 764 314 820 dicerent
344 765 539 820 Democritum
563 765 777 835 Abderitanum
802 766 911 820 ciuibus
936 766 994 820 suis
1019 776 1099 837 peste
1123 766 1258 836 correptis
1282 766 1338 820 hoc

185 837 274 889 modo
286 836 454 907 opitulatum
466 836 531 891 isse.
569 838 646 890 Nam
664 836 830 906 Apollonius
849 839 982 905 Tyaneus
1001 855 1065 891 cum
1078 837 1219 907 Ephesios
1238 838 1339 891 morbo

186 906 236 960 diu
255 907 416 962 laborantes
434 907 475 961 sic
494 917 623 962 sanasset
642 917 673 961 ut
692 924 790 962 senem
808 925 930 977 egenum
948 907 977 961 in
999 909 1109 963 theatro
1129 918 1275 978 tamquam
1294 907 1339 961 dis

186 975 311 1032 inuisum
336 977 444 1032 iuberet
468 977 633 1047 interficere,
657 977 704 1032 hic
733 989 839 1032 autem·
856 978 909 1032 sub
937 989 1035 1033 monte
1060 978 1184 1048 quodam
1212 977 1339 1048 lapidum

186 1047 305 1102 obrutus
318 1048 347 1101 in
360 1049 438 1102 canis
453 1047 572 1102 Molossi
585 1053 725 1103 mortuam
742 1048 867 1118 speciem
883 1048 997 1118 abisset,
1011 1059 1159 1104 accusatus
1172 1048 1339 1120 Apollonius

187 1119 265 1188 apud
285 1119 487 1174 Philostratum
504 1120 576 1173 haec
594 1118 662 1174 dicit
681 1120 695 1186 η
710 1134 762 1188 339
779 1120 822 1174 ed
843 1121 953 1188 Kayser
970 1119 1014 1174 Τίς
1032 1120 1057 1172 δ’
1074 1120 1105 1173 ἂν
1124 1121 1209 1189 σοφὸς
1227 1119 1341 1174 ἐκλιπεῖν

186 1211 233 1243 σοι
253 1189 323 1243 δοκεῖ
340 1191 385 1243 τὸν
402 1190 467 1259 ὑπὲρ
483 1192 585 1244 πόλεως
602 1188 719 1258 τοιαύτης
739 1191 833 1257 ἀγῶνα,
854 1189 1002 1259 ἐνθυμηθείς
1021 1191 1068 1260 μέν
1086 1192 1246 1260 Δημόκριτον
1266 1190 1341 1243 ἔλευ-

187 1260 340 1345 θερώσαντα
359 1263 452 1328 λοιμοῦ
472 1281 536 1315 ποτε
556 1259 719 1328 Ἀβδηρίτας,
740 1259 862 1329 ἐννοήσας
883 1260 911 1313 δέ
933 1261 1069 1331 Σοφοκλέα
1086 1263 1132 1315 τὸν
1150 1262 1294 1329 Ἀθηναῖον,
1313 1259 1343 1316 ὃς
1415 1297 1418 1302 ,

187 1331 293 1400 λεγεται
311 1332 352 1384 καὶ
370 1330 478 1400 ἀνέμους
496 1330 586 1397 θελξαι
604 1332 649 1398 τῆς
667 1332 734 1399 ὧρας
751 1330 982 1402 ὖπερπνεόσαντας,
1000 1331 1113 1399 ἀκηκοὼς
1129 1332 1158 1385 δέ
1170 1333 1202 1386 τὰ
1213 1330 1341 1398 Ἐμπεδο-

188 1398 287 1470 κλέους,
307 1399 335 1457 ὃς
353 1401 463 1471 νεφέλης
480 1401 575 1470 ὅνεσχε
593 1403 680 1470 φορὰν
697 1400 738 1456 ἐπ’
755 1401 967 1472 Ἀκραγαντίνους
982 1401 1119 1472 ῥαγείσης;
1146 1401 1194 1456 ubi
1214 1419 1286 1472 quae
1305 1402 1342 1457 de

190 1471 358 1526 Democrito
377 1472 518 1541 Sophocle
537 1472 712 1542 Empedocle
731 1472 861 1541 leguntur
879 1472 945 1526 alibi
964 1490 1022 1526 non
1041 1472 1255 1527 commemorari
1275 1489 1341 1526 con·

189 1542 283 1597 firmat
305 1544 457 1611 Kayserus.
572 1546 645 1597 468.
663 1547 816 1609 grandine
833 1548 935 1608 plura.
978 1545 1060 1598 Pont.
1073 1543 1107 1598 iv.
1123 1556 1146 1609 7.
1161 1558 1195 1610 34
1207 1544 1343 1612 Saxaque

189 1613 317 1667 brumali
328 1615 473 1684 grandine
485 1613 577 1684 plura
594 1614 678 1668 subin
717 1616 782 1668 Nux
804 1629 852 1682 132
872 1615 953 1668 Saxa
971 1631 1058 1668 nouos
1066 1615 1185 1684 fructus
1198 1615 1343 1685 grandine

184 1684 278 1754 plura
285 1688 397 1754 petunt.
418 1687 457 1738 M.
467 1703 493 1746 ν.
505 1685 553 1753 158
566 1685 622 1738 tela
635 1685 734 1739 nolant
745 1683 861 1739 hiberna
868 1686 1013 1756 grandine
1043 1685 1117 1740 lura.
1172 1687 1242 1741 470.
1254 1691 1343 1739 satus

189 1759 363 1820 Hipponoo
383 1757 532 1823 Capaneus
550 1756 703 1825 Hipponoi
711 1756 797 1826 filius
816 1757 890 1824 Hyg.
911 1768 954 1822 70.
996 1755 1004 1810 i
1028 1757 1084 1810 .68
1103 1757 1251 1826 Capaneus
1268 1755 1347 1825 quod

189 1832 290 1881 contra
296 1827 377 1880 Ιοιιίς
384 1827 559 1880 uoluntatem
570 1826 598 1879 T
593 1826 675 1880 laedas
681 1844 710 1879 se
716 1830 867 1894 capturum
875 1827 978 1881 diceret
984 1844 1047 1881 cum
1057 1844 1171 1882 murum
1180 1827 1344 1894 ascenderet,

180 1898 312 1966 fulmine
329 1901 370 1950 est
383 1901 540 1966 percussus.
580 1897 657 1966 Sept.
676 1906 775 1951 contra
792 1897 881 1952 Theb.
895 1911 955 1966 444,
968 1897 1065 1967 Antig.
1082 1913 1091 1951 1
1096 1913 1111 1966 3
1116 1911 1138 1967 5,
1153 1899 1257 1952 Phoen
1276 1899 1344 1970 1189

183 1968 225 2020 'H
228 1969 258 2033 δη
272 1967 296 2020 δ’
309 1967 495 2033 ὑπερβαίνοντα
506 1969 584 2037 γεῖσα
595 1965 701 2036 τειχέων
713 1968 809 2020 Βόλλει
821 1969 932 2038 κεραυνῷ
945 1967 1006 2023 Ζεύς
1018 1990 1066 2023 νιν.
1125 1973 1344 2032 Dexionesque

190 2044 283 2105 pater
301 2037 496 2107 Aesculapius.
533 2039 628 2106 Etym.
646 2040 687 2092 M.
704 2052 765 2105 434.
782 2035 934 2107 ῐςἯπιος·
953 2037 1033 2094 οὕτως
1051 2041 1176 2108 πρότερον
1193 2040 1311 2093 ἐκαλεῖτο
1329 2041 1345 2091 ό

191 2111 362 2177 Ἀσκληπιός·
398 2105 420 2179 ᾧ
443 2109 484 2161 καὶ
511 2111 618 2178 γυναῖκα
645 2108 822 2178 παραδίδωσιν
848 2107 1080 2180 (ἓπαραθιδόασιν)
1103 2110 1237 2178 Ἠπιόνην,
1261 2111 1291 2197 ἐξ
1316 2107 1345 2177 ἧς

191 2180 261 2250 αὐτῷ
283 2177 403 2249 γενέσθω
422 2176 709 2247 Ἰιίσονα,,Πανάκειαν,
728 2181 872 2246 Δεκτιόνην·
899 2179 973 2248 (libri
993 2181 1104 2234 Δεκτίων
1124 2178 1166 2250 έν)
1184 2181 1345 2248 ὖπομνηματι

192 2252 369 2321 Λυκόφρονος.
407 2252 484 2304 Nam
504 2249 663 2304 Dectionen
686 2249 746 2304 siue
766 2249 914 2304 Dexionen
936 2267 1041 2305 nomen
1062 2250 1161 2305 tertiae
1183 2250 1344 2320 Aesculapii

192 2322 268 2376 filiae
290 2337 353 2375 esse
377 2330 453 2375 recte
477 2319 612 2375 intellexit
637 2319 740 2374 Kinkel
763 2321 886 2390 Lycoph
909 2337 937 2390 p.
957 2320 1002 2375 iv:
1031 2321 1075 2375 cui
1100 2321 1140 2375 rei
1165 2321 1252 2376 etiam
1277 2321 1346 2374 illud

193 2391 341 2460 suffragari
364 2391 457 2444 iudico
476 2391 553 2472 quod
575 2391 740 2460 Sophocles,
762 2400 834 2446 teste
856 2391 958 2445 eodem
977 2392 1148 2461 Etymologo
1163 2392 1223 2460 256.
1236 2392 1261 2456 6,
1281 2409 1346 2445 cum

192 2461 721 2586 Aeiculaqiffifflt¹³⁰⁵P¹t³⁰fi²ffispi⁵⁵0b
734 2472 805 2586 gost
824 2460 1235 2588 monssmthpqipMsubtnomipe
1249 2462 1346 2516 Dexi·

194 2549 729 2674 ‘tran{.zrtlgtlrt...¹l⁵..tt,
742 2549 1023 2685 irretiti..
1041 2549 1347 2673 ..interiisti

195 2675 273 2747 quod
291 2675 320 2728 in
339 2674 428 2728 uitam
447 2675 613 2797 fingentium
632 2683 660 2728 et
680 2675 839 2755 Lycurgum
857 2675 1021 2766 reduxisset,
1037 2674 1077 2765 uti
1092 2673 1246 2729 tradiderat
1260 2673 1347 2728 Stesi-

195 2748 305 2886 tisri
318 2762 362 2870 {h
380 2746 621 2902 dissiliit?
635 2745 1349 2886 nitrien.tttthidfi‘tt.l.tin0§rtzll

195 2910 225 2942 τε
242 2887 307 2941 θεῶν
318 2908 347 2940 τε
359 2882 463 2940 Χίνσατ’
474 2883 517 2938 ἀπ’
530 2885 670 2952 Οὔλυμπου
687 2885 715 2938 δέ
732 2887 822 2947 βαλὼν
833 2887 960 2955 ψολόεντι
975 2887 1086 2959 κεραυνῷ
1091 2884 1201 2940 Ἔκτανε
1214 2885 1350 2955 Λητοίδην.

199 2957 239 3027 (a)
257 2959 425 3026 Anonymus
443 2955 473 3010 in
485 2955 696 3012 Westermanni
710 2956 928 3027 Mythographis
946 2975 974 3028 p.
988 2970 1040 3026 374
1052 2958 1123 3012 haec
1141 2957 1228 3012 habet
1247 2958 1350 3027 Φόρβας

198 3029 357 3088 θέσπρωτος
369 3027 503 3096 Δημηπρὸς
514 3026 634 3093 ἐρασθεὶς
645 3029 685 3081 καὶ
699 3029 848 3094 βιαζόμενος
859 3028 905 3095 τήν
917 3028 975 3082 θεὸν
987 3028 1044 3082 ὑπὸ
1059 3029 1131 3082 Διὸς
1148 3028 1350 3097 ἐκεραυνώθη.

197 3101 236 3154 At
248 3098 392 3153 Achelous
408 3107 527 3152 uocatus
543 3107 587 3153 est
602 3097 626 3152 is
644 3097 737 3152 amnis
749 3097 797 3168 qui
811 3108 877 3154 ante
891 3099 1018 3154 Phorbas
1030 3098 1082 3154 ruit
1096 3097 1265 3170 (cephalion
1277 3098 1310 3154 fr.
1324 3099 1349 3167 8,

199 3171 321 3225 Mueller
340 3169 414 3223 Hist
435 3170 536 3224 Graec.
556 3171 668 3240 Fragm.
687 3167 725 3223 iii.
744 3186 770 3239 p.
787 3168 872 3239 631);
893 3179 921 3225 et
941 3170 1068 3224 Phorbas
1090 3187 1195 3224 nomen
1216 3170 1350 3224 Aetolum

200 3240 343 3310 (Apollod
357 3239 374 3294 i.
389 3251 414 3305 7.
427 3251 451 3308 7,
471 3240 570 3309 Steph.
588 3241 619 3294 Β.
640 3257 663 3294 s.
674 3256 701 3293 u.
721 3240 884 3308 Δεξαμεναί).
923 3243 985 3295 lam
1002 3240 1120 3296 Acheloi
1138 3240 1212 3294 filiae
1226 3239 1349 3308 Sirenes,

197 3328 319 3382 quarum
327 3327 384 3366 una
394 3309 578 3380 Thelxiopeia
588 3311 731 3380 (Eustath.
745 3323 819 3380 1709,
829 3312 918 3364 Tzetz.
927 3310 964 3366 ad
976 3312 1041 3379 Lyc.
1050 3313 1112 3380 712)
1123 3311 1184 3366 siue
1194 3311 1350 3380 Tbelxiope

200 3383 288 3452 (Hyg.
306 3396 327 3449 1,
348 3381 443 3436 Schol.
462 3383 516 3450 Ap.
528 3383 571 3463 R
585 3380 619 3436 iv.
634 3381 696 3450 892)
716 3380 777 3462 siue
796 3381 917 3451 denique
938 3381 1094 3437 Thelxinoe
1114 3382 1221 3451 (Schol.
1239 3382 1305 3466 Αρ.Α
1314 3383 1350 3435 R.

199 3451 1212 3596 immid.di.xvilll⁵.5‘{i¹'ni.ssitiii⁵i.⁶iliiiiihli'mitii
1224 3459 1352 3578 istra

200 3593 278 3674 quod
301 3593 390 3648 habet
414 3593 552 3675 §.latere
576 3592 676 3674 potuit.
722 3591 835 3674 Patrem
860 3602 955 3674 autem
981 3592 1112 3648 Sirenum
1139 3609 1157 3647 a
1181 3592 1351 3663 quibusdam

200 3664 705 3804 θίῖἐῗῖἒὲῗ(ἓΐέοθθαῗῃίῖἱᾞὲ,
721 3673 959 3802 diffidi,
982 3665 1353 3815 rsrtnrrdi‘ttf

200 3808 278 3876 ρήνας
296 3815 392 3860 autem
410 3804 724 3859 Eustathium‘secutus
745 3813 859 3859 reuocet
877 3803 915 3858 ad
933 3825 1033 3875 αειριᾳν
1049 3804 1207 3874 ἀστράπτειν
1223 3805 1355 3870 λάμπεινὲ

203 3876 283 3930 Prior
307 3886 403 3930 tamen
428 3875 578 3946 explicatio
602 3875 788 3945 praeferenda
813 3883 863 3928 est
986 3879 1052 3931 4¹71.
1077 3890 1167 3930 soror
1192 3878 1354 3930 Autonoes

202 3947 316 4002 Semele
330 3948 407 4015 Hyg.
423 3959 479 4015 179
555 3950 608 4001 oui
619 3952 789 4001 matertere
800 3948 888 4000 Maia
901 3944 997 4000 Iasion
1009 3945 1083 4000 filius
1096 3948 1235 4015 Electrae,
1249 3945 1353 4000 sororis

204 4017 308 4072 Maiae.
347 4016 485 4087 (Alciatus
505 4019 618 4087 Parerg.
637 4017 674 4072 vi.
694 4016 750 4086 τι.)
786 4015 919 4086 Apollod.
939 4015 976 4072 iii.
1000 4031 1039 4072 12.
1062 4032 1072 4070 1
1093 4013 1239 4110 Ἠλέκτρας
1259 4016 1288 4070 δὲ
1307 4018 1353 4084 τῆς

195 4085 342 4143 Ἀτλαντος
361 4088 402 4141 καί
421 4089 482 4143 Διός
500 4088 602 4143 Ἰασίων
623 4089 663 4141 καὶ
682 4086 814 4158 Δάρδανος
831 4086 957 4158 ἐγένοντο.
992 4084 1096 4141 Ἰασίων
1107 4087 1154 4156 μέν
1169 4108 1222 4154 ουν,
1235 4087 1356 4155 ἐρασθείς

203 4159 347 4228 Δημητρὸς,
367 4160 409 4212 καί
433 4158 517 4212 θέλων
537 4165 704 4230 καταισχῦναι
726 4157 772 4249 τήν
791 4158 858 4226 θεόν,
879 4161 1051 4228 κεραυνοῦται.
1089 4159 1145 4212 Od.
1163 4177 1189 4212 v.
1211 4170 1259 4227 125
1278 4159 1312 4214 ὡς
1330 4154 1354 4212 δ’

203 4227 276 4284 ὁπότ’
294 4227 406 4284 Ἰασίωνι
423 4229 584 4297 εὐπλόκαμος
602 4228 732 4300 Δημήτηρ,
758 4235 790 4282 Ωι
808 4228 880 4302 θυμῷ
898 4226 999 4298 εἴξασα,
1018 4230 1079 4298 μίγη
1096 4230 1218 4298 φιλότητι
1237 4230 1277 4282 καί
1295 4229 1354 4297 εὐνῇ

205 4300 273 4371 Νειῷ
289 4301 326 4355 ἔνι
342 4301 467 4371 τριπόλῳ·
485 4300 544 4354 οὐδὲ
563 4299 609 4368 δήν
626 4298 669 4368 ἦεν
686 4300 802 4354 όπυστος
821 4299 890 4366 Ζεὺς,
903 4298 931 4356 ὅς
948 4321 992 4369 μιν
1004 4301 1146 4370 κατέπεφνε
1161 4301 1252 4366 βαλὸν
1263 4299 1355 4371 ἀργῆτι

204 4371 326 4454 κεμαυνφ.
370 4370 490 4440 Dionys.
513 4369 529 4426 i.
554 4371 586 4425 61
604 4368 697 4426 Ἴασος
720 4371 749 4424 ἐν
769 4370 800 4438 τῇ
824 4369 895 4442 νήσῳ
917 4370 1091 4441 (Σαμοθράκῃ)
1115 4370 1227 4441 κεραυνῷ
1247 4372 1356 4442 πληγεὶς

204 4443 313 4510 τελευτᾳ
325 4439 460 4512 Δήμητρος
472 4442 545 4510 εὐνήν
556 4441 726 4512 ὀριγνώμενός
738 4442 762 4494 οί
774 4442 851 4510 ἔχειν.
873 4441 946 4498 Vide
958 4441 1102 4511 Heynium
1115 4442 1153 4496 ad
1162 4442 1294 4512 Apollod.
1303 4443 1319 4496 l.
1330 4458 1354 4496 c.

205 4521 234 4570 et
245 4511 527 4584 LobeckiiAglaopb.
539 4527 615 4572 1222.
643 4515 741 4573 Potest
753 4511 841 4572 etiam
852 4512 889 4572 de
899 4513 1048 4572 Oenomao
1060 4512 1314 4585 explicari,.Martis
1327 4521 1356 4568 et
