3296 5210
304 441 362 500 150
705 431 1053 497 COMMENTARIVS.

303 590 414 648 Similia
436 589 472 648 de
493 607 579 648 uxore
602 589 792 648 Hasdrubalis
813 590 928 646 tradunt
949 591 1024 646 Flor.
1043 587 1070 645 ii.
1092 603 1102 644 ι
1108 599 1131 659 ς,
1153 587 1216 645 Vah
1240 586 1316 644 Mare
1335 585 1373 645 iii.
1391 603 1415 644 2.
1431 586 1458 646 8.

303 665 362 720 Sed
384 675 480 719 tamen
501 663 549 718 uix
573 663 749 718 satisfactum
772 661 813 717 sic
835 679 939 717 censeo
960 661 1054 717 uerbis
1076 663 1224 726 cupidine
1247 664 1369 730 mortis,
1391 677 1458 715 cum

302 735 396 806 potius
414 734 491 790 uitae
509 743 673 804 contemptu
691 733 831 788 Axiothea
849 732 981 803 perierit3
1008 742 1155 802 praeterea
1173 748 1341 786 succensae
1359 745 1458 798 pyrae

302 805 403 862 melius
428 804 465 861 de
489 814 579 860 morte
603 804 795 874 interpreteris
820 803 912 874 qualis
932 803 983 858 fuit
1006 803 1141 858 Euadnes
1163 819 1197 857 ac
1220 803 1385 857 Semiramis
1411 819 1457 872 ap.

304 879 380 945 Hyg.
391 890 452 943 243.
482 875 557 930 Vide
570 877 737 930 Excursum.
808 878 874 929 519.
893 877 1102 938 Inclususque
1113 888 1223 928 necem
1234 889 1339 929 cauea.
1367 875 1458 927 Recte

305 947 472 1002 Laurentius
492 945 657 1001 Abstemius
675 955 703 1001 et
722 953 788 1000 ante
808 962 873 1000 eum
893 945 1053 1000 Scholiasta
1072 946 1093 998 P
1113 944 1149 998 de
1170 944 1343 999 Callisthene
1362 946 1458 998 locum

304 1017 508 1076 intellexerunt.
530 1019 576 1071 De
590 1033 624 1071 eo
637 1015 734 1071 omnia
746 1015 858 1086 collegit
870 1017 901 1072 C.
913 1016 1067 1070 Muellerus
1080 1014 1109 1069 in
1123 1017 1237 1083 Fragm.
1248 1014 1458 1069 Historicorum

303 1087 351 1158 qui
365 1088 401 1143 de
410 1087 572 1142 Alexandro
582 1087 762 1157 scripserunt.
783 1087 882 1142 lustin.
894 1098 958 1156 15.3
971 1087 1041 1140 Cum
1050 1085 1218 1140 Alexander
1225 1101 1346 1157 magnus
1356 1087 1459 1140 Callis·

302 1158 403 1216 therien
416 1157 618 1228 philosophum
631 1162 754 1229 propter
768 1158 950 1212 salutationis
967 1158 1096 1211 Persicae
1113 1157 1326 1226 interpellatum
1344 1173 1459 1224 morem,

303 1229 484 1297 insidiarum,
502 1245 574 1298 quae
590 1229 647 1282 sibi
658 1233 782 1300 paratae
792 1229 923 1298 sueram,
945 1230 1084 1282 conscium
1097 1227 1192 1298 sui'sse
1212 1229 1308 1280 iratus
1315 1227 1459 1296 finxisset,

303 1316 421 1369 eumque
431 1301 572 1353 truncatis
583 1300 736 1354 crudeliter
745 1299 872 1353 omnibus
888 1299 1018 1352 nnmbm's
1035 1299 1200 1368 abscisisque
1217 1298 1335 1351 auribus
1346 1314 1380 1350 ac
1390 1313 1461 1350 nasa

302 1371 441 1440 labrisque
463 1371 586 1440 deforme
609 1387 643 1424 ac
665 1370 856 1424 miserandum
880 1370 1068 1440 spectaculum
1092 1369 1264 1436 reddidisset,
1288 1369 1408 1438 insuper
1427 1369 1460 1421 in

303 1458 390 1496 cauea
418 1455 482 1496 cum
511 1457 579 1495 cane
607 1441 735 1495 clausum
765 1441 806 1494 ad
832 1446 936 1495 metum
966 1446 1119 1494 ceterorum
1149 1439 1363 1508 circumferret,·
1391 1444 1462 1492 tunc

303 1511 496 1582 Lysimachus,
520 1512 620 1566 audire
645 1511 834 1566 Callisthenen
857 1517 885 1566 et
906 1514 1008 1581 praece
1027 1516 1058 1564 ta
1081 1511 1117 1563 ab
1139 1527 1169 1564 eo
1193 1511 1313 1563 uirtutis
1337 1510 1462 1578 accipere

303 1584 412 1651 solitus,
432 1585 582 1636 miseratus
597 1583 674 1636 tanti
688 1584 751 1636 ur'ri
766 1598 823 1635 non
840 1583 946 1652 culpae,
965 1599 994 1635 se
1029 1582 1168 1636 libertatis
1180 1584 1288 1650 poenas
1300 1581 1461 1650 pendentes,

304 1670 443 1710 uenenum
455 1654 484 1708 ei
493 1655 525 1706 in
537 1653 659 1707 remedia
671 1653 879 1707 calamitatium
891 1653 980 1707 dedit
1013 1651 1098 1720 Diog.
1113 1652 1144 1706 L.
1157 1669 1183 1705 v.
1199 1663 1212 1719 5
1227 1651 1312 1717 Δόξας
1322 1648 1461 1721 Ἑρμολάῳ
1488 1677 1500 1722 '.

306 1722 543 1794 συμμετεσχηκέναι
561 1726 607 1791 τῆς
624 1724 659 1778 εἰς
672 1724 836 1794 Αλέξανδρον
849 1723 990 1790 ἐπιβουλῆς
1008 1723 1037 1776 ἐν
1055 1722 1149 1790 σιδηρᾷ
1164 1721 1300 1792 περιήγετο
1318 1722 1460 1792 γαλεάγρᾳ,

304 1795 429 1861 φθειριῶν
453 1795 494 1847 καὶ
518 1793 667 1860 ἀκόμιστος·
700 1797 740 1848 καὶ
765 1795 840 1849 τέλος
863 1793 949 1848 λέοντι
972 1793 1149 1861 ποραβληθεὶς
1173 1789 1240 1846 οὕτω
1270 1793 1460 1861 κατέστρεψεν.

307 1863 416 1922 Similia
435 1863 538 1918 Suidas
557 1881 579 1918 s.
590 1881 616 1919 u.
635 1865 824 1932 Καλλισθένης.
861 1865 919 1920 Sed
938 1864 1105 1919 Plutarchus
1123 1863 1203 1918 Alex.
1218 1874 1231 1932 5
1236 1874 1259 1931 5,
1271 1861 1408 1916 Arrianus
1421 1861 1459 1917 iv.

309 1950 350 2001 14,
364 1933 476 1989 Curtius
488 1934 545 1988 viii.
559 1936 575 1989 8
589 1934 645 1989 alia
657 1944 685 1990 et
698 1935 809 1990 ueriora
820 1936 944 2004 tradunt,
958 1935 1151 1989 Callisthenen
1170 1943 1218 1988 aut
1235 1943 1300 2002 post
1317 1942 1460 1987 tormenta

306 2021 475 2074 suspensum
496 2004 591 2073 tuisse,
614 2015 661 2061 aut
682 2005 809 2061 uinctum
827 2016 855 2061 et
874 2023 939 2060 cum
957 2005 1080 2060 exercitu
1098 2006 1152 2059 huc
1170 2004 1236 2058 illuc
1254 2003 1459 2071 circumlatum,

307 2076 399 2130 donec
421 2076 520 2130 morbo
542 2075 664 2145 perierit.
702 2079 791 2132 Grote
811 2076 887 2133 Hist.
908 2077 942 2130 oi
958 2079 1066 2131 Greece
1078 2073 1123 2130 xii.
1142 2093 1170 2156 p.
1184 2089 1245 2142 302.
1284 2075 1365 2129 Idem
1393 2090 1460 2143 sup·

306 2145 423 2217 plicium
443 2162 549 2204 caueae
571 2147 631 2201 siue
648 2149 795 2216 γαλεογρᾶς
812 2164 963 2218 perpessus
982 2157 1025 2201 est
1047 2164 1064 2201 a
1083 2146 1253 2215 Lysimacho
1268 2145 1460 2214 Telesphorus

307 2219 379 2272 Plut.
394 2217 429 2271 de
443 2215 515 2271 Exil
529 2216 582 2286 xvi,
595 2218 698 2272 Athen.
712 2218 773 2286 616,
788 2219 853 2274 Sen.
866 2218 903 2272 de
918 2220 964 2272 Ira
976 2217 1014 2272 iii.
1030 2230 1069 2283 17.
1105 2223 1142 2271 ut
1153 2215 1215 2270 ille.
1248 2215 1374 2270 Celebris
1387 2215 1462 2270 inter

307 2287 459 2357 scriptores
477 2304 554 2342 mors
574 2288 762 2344 Callisthenis.
800 2288 866 2343 Fuit
886 2287 1075 2358 Theophrasti
1097 2287 1168 2341 liber
1188 2285 1338 2356 singularis
1361 2288 1461 2339 Καλλι·

307 2359 402 2426 σθένης
418 2357 433 2426 ἢ
452 2358 512 2426 περὶ
529 2357 638 2414 πένθους
658 2358 753 2429 (Diog.
771 2361 802 2414 L.
820 2379 844 2414 v.
864 2374 908 2428 44,
927 2362 1012 2414 Tusc.
1032 2359 1114 2428 Disp.
1134 2357 1172 2412 iii.
1194 2373 1232 2411 10.
1252 2373 1295 2425 21,
1313 2375 1339 2410 v.
1358 2371 1383 2425 9.
1403 2355 1461 2424 25).

308 2431 373 2484 Sen.
389 2431 426 2484 N.
441 2429 474 2498 Q.
485 2428 520 2483 vi.
532 2444 566 2497 23
579 2429 616 2484 Si
626 2430 788 2500 quidapnd
795 2437 822 2485 te
829 2433 994 2500 profectura
1005 2431 1118 2483 testium
1129 2428 1214 2482 turba
1225 2434 1285 2482 est:
1301 2427 1375 2481 harre
1386 2429 1463 2481 enim

310 2499 493 2556 Callisthenes
506 2500 617 2570 probat,
636 2517 693 2554 non
711 2506 883 2572 contemptus
901 2503 956 2555 uir.
991 2501 1143 2571 suitenim
1154 2500 1203 2554 illi
1213 2499 1303 2552 nobile
1314 2500 1463 2569 ingenium

308 2577 335 2624 et
344 2570 503 2640 furibundi
518 2572 594 2641 regis
611 2573 770 2641 impatiens.
809 2572 856 2626 hic
869 2571 1086 2626 estAlexandm'
1101 2572 1206 2624 crimen
1224 2575 1370 2622 aeternum
1387 2569 1468 2639 quod

308 2642 392 2696 nulla
404 2643 506 2709 uirtus,
520 2642 603 2696 nulla
615 2642 881 2712 bellorumselicrtas
893 2642 1015 2696 redimet.
1088 2644 1159 2696 520.
1177 2643 1253 2694 Non
1264 2643 1463 2704 profecturae

248 2742 254 2760 .
309 2712 460 2782 quominus
478 2722 641 2767 moreretur.
679 2714 721 2766 M.
740 2712 777 2767 vi.
794 2713 843 2766 261
869 2715 990 2768 Vltimus
1006 2713 1132 2766 Ilioneus
1150 2728 1206 2765 non
1220 2712 1385 2781 prestetum
1396 2715 1464 2781 pre·

308 2783 398 2836 cando
409 2781 536 2837 Brachia
547 2784 709 2851 sustulerat,
721 2782 777 2838 xiii.
787 2798 847 2850 411.
900 2787 1044 2838 eonditor
1056 2785 1105 2844 Tr.
1116 2781 1143 2836 ii.
1152 2782 1205 2848 416
1216 2783 1330 2835 Eubius
1341 2783 1465 2870 impurae

309 2852 591 2909 conditorhistoriae.
626 2856 778 2909 historiae
796 2854 948 2908 Alexandri
967 2871 1060 2909 rerum
1078 2862 1230 2922 gestarum,
1249 2857 1300 2905 τῶν
1318 2873 1365 2905 κατ
1387 2851 1463 2904 Ἀλέ-

310 2923 427 2993 ξανδρον
467 2923 525 2978 Cic.
535 2923 570 2978 de
582 2925 660 2979 Orat.
670 2925 699 2978 ii.
712 2940 751 2991 14.
764 2926 795 2994 58
808 2926 879 2978 Post
889 2925 924 2978 ab
935 2925 1090 2978 Aristotele
1100 2922 1266 2994 (predectus)
1279 2921 1465 2977 Callisthenes

309 3010 397 3049 comes
404 2992 570 3048 Alexandri
579 2997 694 3065 sempsit
704 2995 860 3050 historiam.
897 2997 941 3049 Et
951 2994 998 3049 hic
1008 2995 1119 3064 quidem
1131 2995 1269 3048 rhetom‘co
1276 2997 1368 3064 paene
1379 3011 1463 3047 more.

311 3063 507 3131 (Abstemius).
561 3067 625 3118 521.
646 3070 810 3130 repertori.
836 3069 925 3121 Recte
937 3065 1139 3120 Archilochum
1152 3064 1320 3133 intelligunt,
1331 3064 1377 3134 qui
1390 3066 1463 3117 iam·

310 3134 402 3188 bitum
424 3140 544 3187 metrum
561 3137 678 3205 primus
698 3139 817 3205 inuenit,
836 3138 931 3190 Acron
950 3136 988 3190 ad
1008 3138 1079 3190 Hor.
1101 3137 1135 3190 A.
1156 3137 1188 3188 P.
1207 3146 1242 3203 79
1260 3135 1464 3188 Archilochum

305 3205 427 3284 proprii)
445 3205 536 3257 rabies
553 3208 682 3260 armauit
698 3208 798 3272 iambo,
818 3208 851 3261 cf.
872 3209 942 3261 Plut.
962 3207 998 3261 de
1016 3209 1092 3261 Mus.
1105 3205 1208 3271 xxviii;
1228 3205 1357 3275 quamuis
1376 3205 1463 3260 etiam

311 3273 450 3328 Simonidi
459 3275 614 3344 Amorgino
627 3275 658 3330 id
669 3294 687 3331 a
698 3277 840 3332 nonnullis
856 3277 1029 3332 adtributum
1042 3276 1117 3331 dicat
1128 3276 1231 3330 Suidas
1245 3293 1265 3330 s.
1274 3293 1301 3330 u.
1315 3277 1463 3344 Σιμωνίδης,

310 3346 452 3412 Anonym.
472 3361 517 3414 ap.
536 3346 668 3401 Welcker
686 3347 714 3400 in
735 3351 812 3403 Mus'
830 3350 922 3403 Rhen.
938 3350 1003 3417 1835
1023 3365 1050 3417 p.
1063 3360 1116 3417 354
1135 3347 1230 3415 (Mure
1250 3346 1316 3401 Crit.
1339 3345 1413 3400 Hist.
1435 3347 1469 3400 ot'

312 3416 421 3468 Greece
433 3415 472 3468 iii.
486 3433 513 3485 p.
525 3417 601 3485 173);
619 3417 786 3473 Aristoteles
799 3429 894 3474 autem
908 3420 986 3473 Poet.
1000 3419 1028 3472 iv
1042 3418 1169 3472 iambum
1185 3418 1313 3472 naturale
1326 3417 1463 3486 quiddam

311 3495 339 3539 et
352 3503 387 3539 ex
398 3487 541 3555 loquendo
554 3487 634 3557 quasi
648 3499 748 3557 sponte
761 3499 854 3544 ortum
866 3499 989 3544 censeat.
1025 3493 1185 3554 pugnacis
1211 3487 1383 3556 HonEpod
1395 3488 1461 3542 6.11

310 3557 342 3609 in
355 3557 444 3609 malos
456 3561 630 3627 asperrimus
641 3561 752 3614 Parata
763 3562 832 3615 tollo
843 3577 949 3614 cornua
968 3560 1069 3628 Quahh
1080 3559 1234 3629 Lycambae
1251 3561 1362 3628 spretus
1377 3559 1465 3628 infido

306 3643 403 3708 gener.
442 3626 489 3681 Sic
504 3630 629 3683 Catullus
641 3631 676 3684 xl.
691 3645 746 3696 2.4
764 3641 860 3685 monet
880 3630 1023 3685 Rauidum
1041 3647 1077 3684 ne
1096 3640 1176 3684 actus
1195 3645 1331 3699 praeceps
1350 3627 1379 3682 in
1397 3646 1463 3683 suos

312 3698 422 3752 iambos
441 3699 583 3753 Vecordem
592 3704 679 3770 paret
689 3703 811 3755 excitare
822 3703 925 3756 meam.
1041 3703 1112 3755 522.
1130 3703 1164 3754 in
1177 3704 1310 3755 exibam
1322 3716 1415 3769 neque
1427 3700 1464 3754 de

311 3768 482 3822 Archilocho
496 3770 550 3824 hoc
563 3771 698 3825 traditum
710 3789 802 3841 neque
816 3771 962 3826 Simonide
976 3790 982 3826 :
1001 3788 1069 3825 nam
1082 3771 1117 3826 de
1131 3770 1285 3825 Simonidis
1302 3779 1393 3824 morte
1405 3787 1463 3824 non

312 3849 432 3907 constat,
445 3840 647 3895 Archilochum
660 3841 689 3894 in
702 3859 797 3911 pugna
809 3842 921 3897 necauit
933 3842 1084 3910 Calondas,
1097 3841 1266 3910 cognomine
1281 3843 1380 3910 Corax,
1390 3851 1464 3895 teste

313 3910 410 3978 Suida,
423 3910 452 3963 h.
462 3927 486 3964 e.
500 3920 529 3964 ut
548 3911 667 3980 uidetur,
680 3913 808 3981 Aeliano,
822 3914 857 3966 cf.
872 3915 944 3967 Plut.
962 3913 998 3967 de
1018 3914 1089 3967 Sera
1103 3914 1189 3966 Num.
1202 3911 1288 3966 Vind.
1300 3911 1365 3964 xvii.
1406 3911 1464 3966 Sed

310 3981 431 4036 sortasse
450 3981 613 4052 recordatus
632 3992 675 4036 est
693 3993 779 4052 poeta
796 3992 896 4037 notum
914 3983 983 4037 illud
1001 3981 1163 4036 Archilochi
1182 3981 1285 4052 τέττιγα
1302 3985 1349 4036 τοῦ
1370 3985 1465 4052 πτεροῦ

311 4053 472 4118 συνειληφος
486 4051 613 4119 (Lucian.
627 4053 756 4108 Pseudol.
770 4053 790 4123 i)
805 4054 881 4123 quod
899 4053 923 4107 is
943 4054 971 4107 in
990 4053 1207 4108 maledicentem
1225 4051 1279 4106 sibi
1296 4052 1333 4106 ob
1346 4051 1464 4106 nimiam

310 4121 494 4190 asperitatem
513 4123 669 4176 carminum
688 4124 774 4178 fertur
792 4124 896 4178 dixisse
911 4143 916 4178 :
936 4142 1003 4179 nam
1016 4135 1046 4178 ut
1059 4123 1159 4178 cicada
1171 4123 1194 4176 si
1208 4124 1268 4177 alas
1281 4123 1465 4192 prehenderis

311 4191 441 4260 quamuis
461 4193 496 4246 sit
515 4203 615 4247 natura
634 4194 841 4263 loquacissima,
861 4195 891 4249 fit
910 4197 1088 4265 apprehensa
1106 4193 1258 4264 loquacior,
1275 4193 1316 4247 sic
1334 4193 1465 4247 Archilo-

293 4262 390 4335 chus,
408 4279 473 4317 cum
491 4274 592 4318 natura
610 4275 685 4319 esset
703 4265 910 4334 acerbissimus,
929 4266 1016 4320 etiam
1034 4265 1162 4319 acerbior
1180 4263 1340 4334 corripienti
1360 4264 1465 4330 fiebat,

311 4347 384 4400 quae
409 4334 578 4401 proteruitas
601 4331 714 4404 linguae
738 4352 795 4389 non
818 4336 919 4390 mirum
940 4335 964 4390 si
986 4336 1015 4390 in
1037 4335 1152 4391 exitium
1173 4335 1262 4405 ipsius
1284 4352 1301 4388 a
1322 4334 1465 4390 nonnullis

312 4401 472 4482 lingebatur
496 4403 643 4474 exarsisse,
668 4407 908 4475 quemadmodum
933 4406 1033 4461 cicada
1056 4405 1258 4476 prehendentis
1283 4405 1354 4460 iram
1378 4405 1407 4458 in
1432 4422 1464 4460 se

311 4480 400 4525 irruat
414 4472 504 4541 magis
522 4475 669 4545 magisque
686 4476 861 4547 obstrepens,
898 4479 936 4532 Et
950 4477 1090 4532 Pindarus
1103 4477 1171 4531 dicit
1185 4477 1267 4546 Pyth.
1280 4475 1308 4530 ii.
1324 4489 1337 4545 5
1342 4488 1364 4545 5,
1379 4493 1464 4546 quem

311 4542 404 4596 iocum
427 4543 519 4598 attulit
542 4547 673 4616 Saluagn.
694 4543 772 4601 Εἶδον
791 4549 841 4618 γὰρ
861 4548 920 4604 ἑκὰς
939 4548 988 4602 ἐὼν
1006 4549 1038 4602 τὰ
1057 4547 1136 4602 πόλλ’
1155 4548 1184 4601 ἐν
1203 4547 1331 4617 ἀμαχανίᾳ
1349 4548 1466 4618 Ψογερὸν
