3296 5210
903 219 911 248 l

577 427 927 491 COMMENTARIVS.
1275 434 1336 488 165

178 585 336 638 suauitatis
348 585 474 640 ostendit.
494 589 625 656 pastores
636 602 699 640 cum
711 571 925 639 immoderatius
939 582 1060 637 biberent
1074 581 1146 636 ebrii
1151 582 1231 653 facti
1244 585 1332 637 conci·

178 657 292 724 derunt,
304 657 358 725 qui
373 657 544 710 arbitrantes
555 657 684 711 Icarium
695 657 750 709 sibi
763 657 871 710 malum
887 656 1117 709 medicamentum
1128 654 1236 707 dedisse
1241 654 1333 724 susti·

180 726 232 780 bus
243 743 307 780 eum
317 729 525 797 iuterfecerunt.
598 731 709 782 Icarus
725 744 776 796 pro
789 726 872 780 solito
886 727 1060 780 Graecorum
1072 725 1191 793 Icarius,
1204 733 1231 778 et
1245 724 1291 778 hic
1304 733 1333 778 et

182 798 223 851 M.
237 815 262 851 x.
273 809 327 865 450
338 797 441 866 posuit,
455 797 531 868 quod
547 797 657 852 monuit
674 797 793 852 Bantius
811 796 848 851 ad
863 798 937 865 Hyg.
954 811 1010 864 130.
1049 796 1215 850 Fluctuasse
1228 797 1333 848 Roma·

180 883 234 920 nos
250 866 356 922 indicio
372 877 415 923 est
435 869 541 938 Hygini
560 869 622 923 cod.
638 867 827 936 Frisingensis
840 867 887 937 qui
905 867 933 920 in
951 881 1003 932 ²²4
1020 866 1121 920 Icarus
1138 866 1219 920 Icari
1232 866 1335 919 Icarus

180 946 225 990 ter
235 938 357 1006 exhibet,
367 948 440 994 teste
452 942 492 994 M.
504 939 669 994 Schmidtio.
707 943 743 992 in
755 954 855 1004 quem.
877 937 1015 992 Vsitatior
1023 936 1135 991 datiuus
1145 946 1209 1007 post
1219 936 1333 1006 inferre.

180 1010 247 1062 613.
275 1012 382 1063 dolore
402 1013 489 1065 neeis
510 1014 640 1076 patriae.
675 1010 971 1078 Hyg.13olcam'um
995 1012 1089 1061 autem
1113 1009 1232 1061 occisum
1255 1007 1336 1061 canes

181 1080 301 1133 ululans
317 1082 423 1134 Maera
441 1082 588 1152 Erigonae
608 1081 781 1134 monstrauit
801 1081 851 1134 ubi
864 1083 952 1150 pater
967 1079 1126 1148 insepultus
1146 1080 1254 1132 taceret.
1279 1093 1336 1147 quo

180 1167 245 1204 cum
270 1153 398 1219 uenisset,
422 1154 510 1221 super
530 1155 632 1233 corpus
657 1153 788 1221 parentis
812 1152 843 1204 in
870 1151 969 1203 arbore
991 1167 1039 1202 sus
1058 1149 1142 1202 endio
1163 1166 1192 1202 se
1215 1150 1351 1220 uocauit..¹

182 1220 296 1274 Eadem
308 1221 425 1275 historia
438 1221 467 1275 in
480 1223 594 1276 scholiis
607 1223 775 1276 Arateorum
789 1219 950 1276 Germanici
964 1220 1021 1290 p.6
1053 1218 1178 1288 Breysig.
1267 1221 1335 1272 614.

180 1294 321 1347 Vincula
338 1308 395 1356 per
411 1297 525 1358 laquei.
561 1295 601 1347 M.
615 1292 668 1346 xiv.
683 1304 733 1361 735
748 1293 820 1347 Cum
827 1292 943 1361 fioribus
959 1292 1055 1360 laquei
1069 1291 1204 1361 relegaret
1219 1289 1339 1348 uincula

181 1365 295 1417 summi.
374 1367 440 1417 615.
460 1367 697 1428 Obstructoque.
736 1363 847 1416 Primus
861 1364 958 1417 Const.
973 1364 1041 1415 Fan.
1058 1362 1205 1415 Hecatost.
1219 1375 1236 1429 9
1249 1359 1335 1414 inter-

182 1442 310 1503 pretatus
322 1442 366 1486 est
383 1433 419 1489 de
433 1434 574 1488 Pausania
586 1451 652 1504 rege
666 1435 869 1504 Spartanorum
883 1450 917 1487 ex
930 1433 1017 1486 Thuc.
1033 1431 1050 1485 i.
1066 1446 1116 1499 134
1132 1432 1181 1484 Kal
1200 1431 1227 1485 ἐς
1245 1429 1340 1498 οἴκημα

183 1504 213 1557 οὗ
234 1504 310 1574 μέγα,
331 1502 346 1555 b
367 1502 398 1572 ἢν
418 1509 465 1558 τοῦ
489 1505 566 1574 ἱεροῦ,
588 1504 705 1558 ἐσελθὼν
725 1504 766 1558 ἵνα
789 1504 823 1572 μὴ
847 1503 980 1573 ὑπαίθριος
1003 1501 1186 1571 ταλαιπωροίη,
1208 1500 1339 1571 ἡσύχαζεν

184 1573 375 1643 (Pausanias).
400 1575 424 1628 oi
437 1575 465 1628 δὲ
477 1575 507 1629 τὸ
519 1575 661 1646 παραυτίκα
672 1575 719 1644 μὲν
731 1575 879 1645 ὑστέρησαν
890 1577 921 1642 τῇ
935 1573 1029 1640 διώξει,
1041 1572 1105 1642 μετὰ
1120 1573 1147 1626 δὲ
1159 1575 1237 1626 τοῦτο
1249 1575 1295 1625 τοῦ
1308 1593 1336 1624 τε

183 1643 319 1714 οἰκήματος
337 1646 382 1699 τὸν
399 1644 500 1716 ὄροφον
516 1645 627 1714 ἀφεῖλον
643 1648 683 1699 καὶ
701 1646 747 1700 τὰς
766 1644 844 1716 θύρας
860 1645 934 1698 ἔνδον
950 1643 1011 1698 ὄντα
1029 1642 1185 1714 τηρήσαντες
1203 1642 1279 1696 αὐτὸν
1296 1642 1341 1695 καὶ.

183 1715 362 1778 ἀπολαβόντες
385 1714 448 1770 εἵσω
469 1716 683 1789 ἀπῳκοδόμησαν,
705 1715 941 1786 προσκαθεζόμενοί
963 1735 993 1769 τε
1017 1714 1236 1784 ἐξεπολιόρκησαν
1259 1714 1338 1784 λιμῷ.

183 1787 234 1839 Καὶ
256 1785 399 1853 μέλλοντος
420 1788 499 1841 αὐτοῦ
519 1787 668 1857 ἀποψύχειν
689 1787 778 1857 ὥσπερ
800 1781 869 1856 εἶχεν
890 1786 917 1840 ἐν
936 1785 973 1857 τῷ
998 1783 1114 1854 οἰκήματι
1138 1785 1288 1852 αἰσθόμενοί
1309 1805 1338 1836 τε

182 1857 326 1927 ἐξάγουσιν
334 1857 362 1910 ἐκ
370 1861 417 1912 τοῦ
427 1859 495 1927 ἱεροῦ
508 1859 546 1912 ἔτι
558 1859 669 1927 ἔμπνουν
682 1857 743 1910 ὄντα
755 1859 795 1911 καὶ
807 1855 927 1926 ἐξαχθεὶς
938 1856 1048 1910 ἀπέθανε
1060 1857 1225 1926 παραχρῆμα.
1256 1855 1340 1909 Idem

183 1937 300 1982 narrant
314 1929 458 1997 Lycurgus
471 1946 495 1984 c.
510 1931 605 1983 Leocr.
621 1944 678 1997 132,
693 1930 775 1983 Corn.
791 1930 865 1998 Nep.
877 1929 958 1982 Paus.
970 1945 996 1992 u,
1008 1926 1094 1981 Diod.
1103 1926 1138 1980 xi.
1147 1939 1191 1996 45,
1202 1927 1336 1995 Polyaen.

183 1999 239 2054 viii.
257 2011 297 2068 51.
365 2003 569 2056 limineteoti.
603 2002 675 2069 Nep.
691 2001 773 2054 Paua
787 2000 853 2053 vIn
866 1999 958 2052 oedem
973 1998 1131 2066 Mineruae,
1144 2001 1218 2067 quae
1229 1997 1342 2052 Clcalci«

183 2087 260 2124 oecos
277 2076 403 2139 uocatur,
422 2071 555 2141 confugit.
581 2069 649 2124 lum
664 2087 699 2124 ne
715 2071 792 2124 crire
805 2073 906 2140 posset,
924 2071 1023 2122 statim
1040 2068 1141 2139 ephori
1156 2068 1261 2122 ualuas
1277 2069 1339 2121 eius

183 2141 262 2194 aedis
271 2142 471 2195 obstruxerunt
481 2137 637 2211 tectumque
648 2147 717 2194 sunt
727 2141 861 2208 demoliti,
871 2156 926 2210 quo
936 2141 1053 2194 celem‘us
1061 2139 1111 2192 sub
1120 2139 1188 2192 diuo
1199 2140 1338 2193 interiret.

186 2211 277 2266 Miror
295 2211 324 2265 in
342 2213 419 2265 nullo
438 2212 536 2266 codice
555 2211 691 2281 scriptum
709 2211 798 2265 uideri
817 2209 944 2281 templi.
1017 2212 1082 2264 616.
1100 2226 1235 2274 parans..
1263 2211 1341 2279 Nep.
1416 2261 1421 2272 ,

185 2284 269 2339 Paus.
291 2284 308 2337 l.
324 2300 346 2337 c.
369 2284 489 2336 Dicitur
504 2300 539 2336 eo.
553 2287 675 2352 tempore
696 2279 814 2335 matrem
835 2281 1000 2334 Pausaniae
1019 2281 1124 2333 uenisse
1144 2297 1259 2349 eamque
1279 2281 1339 2334 iam

185 2369 289 2424 magno
301 2359 381 2421 natu,
392 2357 544 2424 postquam
555 2354 590 2407 de
600 2354 698 2407 scelere
708 2354 772 2422 filii
784 2353 925 2421 comperit,
938 2353 970 2404 in
984 2352 1091 2420 primis
1102 2351 1143 2404 ad
1149 2351 1249 2420 filium
1261 2351 1347 2416 οΙαιι-Ι

184 2425 307 2478 deudnm
319 2425 441 2494 lapidem
454 2425 495 2480 ad
503 2426 653 2478 introitum
665 2424 743 2477 aedis
754 2424 889 2477 attulisse.
920 2424 992 2476 Cum
1003 2421 1107 2475 Ouidio
1117 2421 1183 2475 facit
1194 2420 1342 2474 Diodorus.

186 2495 222 2549 xi.
237 2507 271 2563 45
292 2494 339 2576 qui
359 2494 427 2549 dicit
444 2496 566 2564 ephoros
584 2493 742 2549 Pausaniae
760 2503 880 2547 matrem
899 2509 1015 2562 rogasse
1031 2509 1100 2545 num
1114 2509 1181 2545 eum
1198 2491 1341 2561 punirent,

185 2565 261 2620 hanc
279 2564 350 2619 nihil
368 2565 472 2620 dixisse
492 2564 543 2620 sed
561 2566 678 2620 laterem
698 2565 735 2618 ad
753 2563 851 2632 templi
871 2563 1015 2617 introitum
1033 2561 1152 2631 uexisse,
1168 2571 1196 2616 et
1215 2561 1319 2616 abiisse
1332 2581 1341 2616 :.

186 2645 247 2691 tum
264 2635 509 2690 Lacedaemonios
525 2635 642 2690 matris
662 2643 796 2690 secutos
815 2633 974 2688 iudicium
994 2632 1098 2687 ostium
1117 2631 1197 2686 aedis
1213 2634 1340 2686 obstrux-

187 2706 252 2764 isse.
297 2707 386 2761 Addit
412 2708 570 2776 Polyaenus
592 2706 649 2762 viii.
673 2719 702 2776 51
731 2723 795 2760 cum
819 2705 941 2774 primum
966 2705 1083 2758 laterem
1107 2713 1199 2758 mater
1219 2705 1340 2758 Theano

186 2776 356 2846 aduexisset,
379 2787 488 2832 ceteros
510 2794 561 2848 pro
584 2794 614 2832 se
636 2793 777 2848 quemque
798 2777 915 2830 laterem
937 2773 1111 2843 adposuisse.
1206 2778 1269 2830 617.
1295 2776 1342 2828 Ex

187 2848 347 2902 Pausaniae
360 2848 450 2906 caede
461 2848 594 2903 transitur
606 2849 643 2902 ad
658 2847 816 2902 Palladium
828 2864 880 2916 per·
891 2850 1065 2900 simulacra.
1104 2846 1181 2898 Nam
1198 2855 1228 2900 ut
1245 2845 1340 2914 expia·

186 2929 262 2974 retur
274 2917 432 2973 Pausaniae
443 2920 545 2973 caedes
557 2918 774 2973 Lacedaemonii
785 2918 859 2971 duas
868 2934 967 2970 aeneas
975 2919 1036 2970 eius
1044 2915 1220 2988 imaginesin
1234 2917 1340 2985 templo

186 2999 377 3046 sacrauerunt.
415 2991 504 3044 Thuc.
522 2989 540 3044 i.
556 3004 612 3057 134.
651 2989 709 3044 Sed
728 2999 755 3043 et
777 2987 889 3042 Tbeano
905 3004 1055 3042 commune
1072 3003 1176 3040 nomen
1195 2986 1342 3057 utriusque

173 3059 340 3118 historiae:
363 3077 430 3114 nam
443 3062 556 3114 Tzetzes
575 3061 613 3115 ad
631 3061 695 3129 Lyc.
710 3061 762 3128 658
781 3059 866 3115 tradit
878 3057 980 3113 Vlixen
998 3057 1156 3112 Palladium
1173 3057 1342 3128 surripuisse

187 3132 264 3190 dono
283 3131 445 3199 Antenoris,
465 3131 543 3184 cuius
562 3149 631 3185 uxor
649 3132 768 3185 Theano
788 3130 936 3184 Mineruae
954 3129 1087 3184 sacerdos
1107 3138 1190 3183 esset.
1248 3133 1341 3184 Illius

192 3203 298 3272 Vlyssis
313 3201 439 3272 quicum
453 3201 598 3256 Diomede
609 3201 767 3256 Palladium
785 3200 877 3270 rapuit
894 3203 965 3254 Aen.
979 3199 1006 3253 ii.
1023 3200 1073 3266 164
1085 3217 1145 3270 sqq.
1164 3200 1283 3268 Tydides
1293 3201 1345 3254 sed

187 3276 262 3326 enim
275 3274 461 3342 scelerumque
472 3274 606 3326 inuentor
617 3274 716 3340 Vlixes,
729 3273 831 3326 Fatale
843 3272 971 3342 adgressi
984 3277 1094 3325 sacrato
1106 3271 1227 3324 auellere
1238 3271 1344 3342 templo

188 3345 363 3412 Palladium,
380 3345 466 3397 caesis
482 3360 608 3396 summae
625 3343 783 3396 custodibus
800 3345 882 3410 arcis,
902 3343 1070 3412 Corripuere
1086 3358 1197 3394 sacram
1214 3343 1341 3412 effigiem,

188 3415 372 3484 manibusque
387 3415 511 3468 cruentis
528 3414 675 3484 Virgineus
692 3415 758 3467 ausi
771 3415 856 3467 diuae
872 3415 1031 3483 contingere
1046 3413 1143 3480 uittas,
1159 3411 1206 3465 ubi
1225 3412 1341 3466 Seruius

188 3486 338 3540 Diomedes
354 3491 382 3538 et
403 3486 494 3538 Vlixes
513 3490 546 3538 ut
563 3486 619 3538 alii
634 3485 733 3538 dicunt
752 3484 892 3538 cuniculis
912 3489 946 3537 ut
967 3483 1023 3536 alii
1040 3483 1140 3536 cloacis
1157 3483 1343 3537 ascenderunt

188 3573 289 3625 arcem,
302 3561 330 3609 et
341 3557 436 3609 occisis
447 3556 605 3609 custodibus
620 3556 758 3609 sustulere
771 3555 965 3607 simulacrum.
990 3554 1042 3623 qui
1054 3569 1117 3607 curn
1133 3559 1344 3607 reuerterentur

189 3628 230 3684 ad
243 3643 337 3694 naues,
356 3626 456 3694 Vlixes,
474 3632 508 3680 ut
521 3628 571 3679 sui
586 3631 699 3680 tautum
716 3626 808 3696 operis
823 3625 971 3678 uideretur
984 3624 1101 3692 mlestus
1117 3623 1211 3677 uoluit
1226 3641 1343 3693 sequeus

189 3698 310 3752 occidere
323 3697 506 3762 Diomedem
525 3698 606 3750 cuius
621 3697 671 3750 ille
688 3700 818 3750 conatum
834 3711 897 3748 cum
914 3695 955 3748 ad
968 3694 1096 3747 umbram
1112 3694 1198 3746 lmzae
1211 3699 1342 3762 notasset,

190 3769 343 3839 religatum
355 3771 428 3838 prae
442 3785 470 3821 se
482 3768 622 3837 usquead
634 3773 728 3821 castra
742 3767 912 3820 Graecorum
924 3766 1001 3835 egit:
1018 3765 1079 3817 ideo
1090 3769 1184 3817 autem
1196 3763 1247 3818 loc
1258 3781 1343 3845 uagos

189 3841 266 3894 tium·
276 3838 321 3891 locs
332 3839 514 3908 potissimum
526 3839 621 3907 datur,
634 3839 703 3908 quia
714 3837 833 3891 cultores
841 3837 967 3904 fuerunt
978 3836 1136 3888 Mineruae.
1177 3835 1241 3888 Hoc
1258 3834 1343 3903 igitur

190 3908 354 3980 inprecatur
377 3908 460 3978 lbidi,
484 3919 514 3964 ut
542 3909 656 3963 fortuna
682 3918 777 3962 utatur
799 3907 889 3961 Vlixis
917 3904 1055 3975 rapientis·
1079 3904 1260 3972 Palladium3
1291 3922 1343 3974 per

191 3979 336 4050 angustias
349 3988 377 4034 et
391 3989 501 4034 stercus
509 3980 637 4048 accedas,
648 3988 677 4034 ut
685 3978 781 4033 Vlixes
791 3987 819 4033 et
834 3976 990 4031 Diomedes
1003 3993 1047 4046 ap.
1059 3975 1208 4046 Sophoclis
1219 3977 1344 4031 Λακαίνας

190 4053 221 4106 11.
237 4063 288 4118 337
303 4050 395 4118 Στένην
408 4048 430 4103 δ’
442 4050 534 4120 ἔδομεν
545 4049 648 4121 ψαλίδα
664 4049 735 4102 κούκ
749 4049 944 4118 ἀβόρβορον;
963 4057 1057 4117 partes
1071 4063 1139 4116 agas
1153 4047 1301 4114 secundas,
1315 4055 1344 4101 et

190 4131 272 4190 terga
295 4121 433 4190 praebeas
455 4121 544 4190 alteri,
566 4121 638 4176 sicut
660 4118 750 4174 Vlixis
774 4137 858 4190 super
879 4117 983 4173 umeris
1006 4117 1163 4171 Diomedes
1187 4117 1216 4170 in
1241 4117 1344 4172 aedem

192 4192 341 4248 Mineruae
351 4192 404 4246 iter
412 4190 581 4262 penetrauit,
588 4209 641 4247 nec
649 4191 761 4246 Vlixem
768 4200 832 4260 post
840 4207 871 4244 se
884 4187 1005 4243 adtraxit
1017 4188 1128 4258 (Conon
1141 4186 1249 4256 xxxiv);
1268 4187 1344 4242 deci-

191 4263 286 4334 piaris,
305 4273 336 4317 ut
348 4262 422 4317 Vlixi
443 4263 599 4317 Diomedes
618 4262 823 4317 ementiebatur
840 4277 898 4314 non
916 4276 1015 4314 uerum
1033 4276 1064 4314 se
1084 4258 1243 4312 Palladium
1261 4258 1344 4313 surri-

190 4333 296 4404 puisse,
311 4351 347 4388 ne
367 4333 390 4388 is
408 4333 461 4388 sibi
481 4333 599 4402 gloriam
617 4333 681 4388 furti
699 4350 749 4402 per
764 4331 881 4385 insidias
897 4331 1078 4396 adsumeret;
1095 4329 1224 4384 fraudem
1242 4329 1345 4384 frustra

192 4404 290 4474 cupias
315 4402 420 4474 ulcisci,
445 4421 499 4459 nec
523 4404 578 4458 nisi
603 4422 667 4458 cum
692 4402 847 4472 ignominia
871 4411 898 4457 et
923 4399 1121 4468 indignissima
1145 4410 1260 4455 coactus
1285 4401 1345 4471 pati

192 4493 211 4530 a
238 4475 375 4544 sacrilego
402 4475 528 4530 facinore
554 4473 710 4530 reuerteris.
762 4475 871 4528 Conon.
896 4472 933 4527 ib.
963 4473 1072 4526 Notum
1096 4481 1139 4526 est
1164 4471 1345 4541 prouerbium

193 4546 331 4616 Διομηδεία
344 4547 449 4618 ἀνάγκη,
462 4546 539 4616 quod
551 4546 588 4605 ad
601 4547 675 4603 hanc
686 4543 780 4602 Vlixis.
788 4561 852 4601 cum
866 4543 1008 4598 Diomede
1021 4541 1229 4614 expeditionem
1242 4543 1345 4598 retere-
