3296 5210
651 434 875 510 excursus.

427 590 506 662 Ἥξει
524 592 553 646 δέ
571 594 699 648 Κνωσσὸν
717 595 778 650 κάπλ
796 598 922 666 Γόρτυνος
939 596 1035 664 δόμους

432 665 532 732 Τούμδν
549 665 670 733 ταλαίνης
687 667 766 736 πῆμα,
784 669 834 723 πᾶς
852 666 875 721 δ’
893 667 1038 724 ἀνάστατος

351 745 355 754 ’
425 731 524 789 Ἔσται
543 741 695 808 στρατηγῶν
713 734 789 794 οἶκος.
820 739 850 792 ού
867 739 918 809 γάρ
930 739 1030 808 ήσυχος

432 807 548 872 Πορκεύς
566 807 676 861 δίκωπον
694 809 781 878 σελμα
799 811 950 864 ναυστολῶν
966 809 1022 879 elul,

433 879 529 930 Λεῦκον
547 875 704 948 στροβήσων
722 878 827 949 φύλακα
845 881 890 948 τῆς
907 881 1055 966 μοναρχίας,

433 947 565 1018 Ψυδραῖσί
581 946 603 1002 τ’
622 949 718 1019 ἔχθραν
735 953 860 1021 μηχαναῖς
877 950 1034 1007 ἀναπλεκων.

424 1013 475 1072 ‘Os
491 1021 552 1092 Ιοίίτε
570 1018 663 1073 τέκνων
680 1019 782 1089 φείσατ’
801 1024 859 1076 οὕτε
873 1023 1008 1094 συγγάμου

433 1088 524 1155 Μήδας
542 1089 678 1176 δάμαρτος,
695 1088 852 1162 ήγριωμένος
869 1093 976 1163 φρένας,

433 1161 472 1214 Οὐ
490 1160 664 1231 Κλεισιθηρας
681 1161 815 1233 θυγατρός,
833 1162 863 1231 ἧς
880 1164 964 1234 πατήρ
982 1160 1062 1234 λέχος

433 1232 541 1305 θρεπτηῖ
560 1231 678 1302 δράκοντι
696 1234 892 1304 συγκαταινέσει
909 1237 1009 1304 πικράν.

431 1301 535 1358 Πάντας
552 1301 576 1356 δ’
593 1301 712 1374 ἀνάγνοις
729 1306 822 1394 χερσίν
839 1306 867 1359 έν
885 1306 937 1376 ναηῖ
956 1306 1038 1359 κτενεῖ

432 1373 567 1436 Λῶβοισιν
583 1373 744 1430 αίκισθέντας
770 1377 881 1446 Ογκαίου
898 1376 1006 1444 βάθρου.
1072 1415 1074 1420 ,

218 1440 276 1497 Vbi
289 1443 403 1498 Tzetzes
414 1440 445 1496 ‘0
458 1447 554 1500 Λεῦκος
563 1447 611 1499 τοῦ
619 1447 723 1498 Χαλκοῦ
735 1446 821 1500 Τάλου
833 1451 880 1501 τοῦ
892 1447 992 1516 Κρητὸς
1002 1445 1033 1513 ήν
1045 1445 1106 1514 υίδς,
1114 1441 1185 1518 ᾤτινι
1197 1443 1338 1517 Ἰδομένευς

160 1553 167 1558 -
182 1514 230 1582 τήν
245 1515 416 1577 βασιλείαν
432 1513 473 1568 καί
485 1515 530 1569 τδν
541 1511 611 1568 οἶκον
622 1515 757 1585 παρέθετο,
769 1517 812 1570 έπί
823 1517 870 1584 τήν
882 1517 976 1588 Τροίαν
988 1517 1110 1586 ἀπαίρων.
1145 1521 1243 1572 Τοῦτον
1253 1519 1337 1573 πείθει

184 1582 320 1640 Ναύπλιος
336 1585 473 1640 ἐπιθέσθαι
490 1585 522 1654 τῇ
540 1585 663 1655 βασιλείᾳ
682 1591 728 1641 τοῦ
739 1585 893 1654 Ἰδομενέως·
912 1588 940 1644 δς
954 1587 1000 1656 τήν
1012 1590 1117 1660 γυναῖκα
1132 1591 1180 1643 τοῦ
1191 1587 1338 1658 Ἰδομενέως

184 1655 278 1724 Μήδαν
297 1656 455 1725 καλουμένην
475 1655 569 1724 ἀνεῖλε,
590 1657 631 1715 καὶ
651 1657 699 1725 τήν
718 1657 846 1729 θυγατέρα
864 1658 1046 1728 Κλεισιθήραν,
1065 1656 1096 1727 ήν
1116 1657 1248 1729 ὑπέσχετο
1268 1659 1338 1731 αὐτῷ

184 1725 399 1850 δεήσεινηγυναὶῖκα
415 1727 586 1815 ίπειδάνλάπδ
603 1729 755 1822 τήςυΤροίας
771 1729 938 1817 ὖποστρέήηη·
959 1729 1044 1816 ἀνεῖλε
1063 1729 1090 1820 δέ
1109 1731 1151 1818 καί
1168 1729 1228 1785 τούς
1245 1731 1354 1822 παῖδας-

183 1799 990 1942 tttlttl‘tttttll‘tttt·lttltltlttztttt
1001 1799 1227 1926 lt25‘12lt.⁸⁹
1247 1803 1338 1866 λίθων

222 1939 304 1993 Idem
321 1939 359 1994 ad
372 1941 438 2009 Lyc.
453 1941 513 2009 384.
531 1943 595 1994 Τότε
614 1939 643 1995 δέ
658 1942 747 2010 μαθὼν
764 1942 810 2010 τήν
828 1946 874 1996 τοῦ
891 1943 948 1996 olori
965 1942 1096 2013 ἀναίρεσιν
1113 1944 1127 1995 ὁ
1143 1941 1236 1997 τούτου
1253 1941 1338 2013 πατήρ

184 2007 321 2066 Ναύπλιος
344 2009 456 2065 ἔπλευσε
479 2012 545 2079 πρὸς
568 2011 628 2067 τοὺς
643 2011 775 2081 Ἕλληνας
802 2013 843 2068 καί
868 2013 914 2082 τήν
937 2017 985 2067 τοῦ
1009 2013 1101 2069 παιδὸς
1125 2013 1216 2082 ἀπῄτει
1239 2013 1336 2082 ποινήν.

176 2075 329 2150 Ἀπρακτος
347 2081 374 2134 δέ
392 2081 571 2152 ὑποστρέψας,
589 2082 691 2137 πάντων
708 2084 881 2172 γαριζομένων
901 2083 937 2157 τηῖ
958 2085 1066 2147 βασιλεῖ
1082 2081 1262 2154 Ἀγαμέμνονι,
1281 2081 1338 2153 μεθ’

185 2149 216 2204 οὗ
227 2152 272 2204 τδν
285 2151 443 2222 Παλαμήδην
454 2152 554 2207 ἀνεῖλεν
566 2155 580 2207 ά
593 2152 747 2222 Ὀδυσσευς,
760 2153 907 2225 περιπλέων
918 2155 1010 2209 λοιπὸν
1021 2155 1067 2210 τάς
1078 2152 1232 2223 Ἑλληνίδας
1243 2156 1339 2224 χώρας,

183 2220 363 2292 παρεσκεύασε
377 2224 425 2278 eds
440 2229 491 2278 τῶν
506 2221 640 2292 Ἐλλήνων
655 2228 775 2296 γυναῖκας
792 2226 967 2296 μοιχευθῆναι,
980 2221 1034 2279 οἶον
1046 2223 1278 2294 Κλυταιμνήστραν
1293 2225 1340 2294 τήν

184 2296 232 2346 τοῦ
242 2291 432 2381 Ἀγαμέμνονος
443 2293 569 2367 Αίγίσθῳ,
578 2295 728 2388 Αἰγιάλειαν
739 2297 786 2365 τήν
793 2295 936 2366 Διομήδους
944 2297 981 2368 τῷ
991 2297 1037 2368 υίῲ
1047 2298 1093 2350 τοῦ
1103 2294 1237 2361 Σθενέλου,
1248 2293 1340 2363 Μήδαν

185 2363 213 2416 δέ
223 2363 269 2432 τήν
286 2364 426 2433 Ιδομενέως
437 2365 486 2420 ύπδ
497 2363 602 2433 Λεύκου,
612 2387 642 2434 ην
654 2368 694 2420 καί
707 2367 792 2421 ἀνεῖλε
801 2371 904 2430 Λεῦκος,
915 2368 956 2420 καί
968 2363 1141 2433 Κλεισιθήραν
1151 2366 1198 2434 τήν
1210 2364 1339 2436 θυγατέρα

184 2434 262 2503 αύτής
276 2435 305 2489 έν
319 2436 356 2506 τῷ
374 2437 426 2507 ναῷ
444 2435 645 2507 καταφυγούσας
664 2437 704 2490 καί
723 2444 773 2492 τῶν
789 2440 888 2493 λοιπῶν
906 2438 1008 2508 ὁμοίως.
1044 2438 1093 2490 Καὶ
1111 2435 1171 2490 δέκα
1186 2437 1276 2491 πόλεις
1292 2439 1338 2504 τῆς

185 2504 286 2588 Κρήτης
297 2504 454 2562 ἀποσπάσας
469 2506 623 2578 ε’τυράννησε
638 2508 679 2560 καί
692 2509 756 2575 μετά
774 2509 819 2563 τάν
834 2509 946 2578 Τρωικδν
961 2508 1076 2574 πολεμδν
1093 2507 1133 2560 καὶ
1148 2507 1193 2561 τδν
1207 2507 1336 2575 Ἰδομενέα

185 2597 216 2642 τῃ
230 2575 317 2647 Κρήτη
330 2577 482 2652 καταίροντα
493 2577 615 2644 ἐξήλασε.
649 2577 730 2633 Idem
744 2581 857 2634 Tzetzes
869 2579 907 2633 ad
923 2593 989 2648 1093
1002 2578 1104 2633 eadem
1116 2577 1175 2632 fere
1186 2576 1285 2632 dicens
1299 2577 1335 2634 de

187 2647 413 2716 Clytaemnestra
425 2658 454 2704 et
465 2648 583 2718 Aegiale
596 2649 667 2704 haec
682 2649 826 2719 subiungit
838 2651 879 2703 καὶ
896 2650 924 2704 ἐν
936 2649 1023 2718 Κρήτη
1037 2651 1133 2702 Λεῦκον
1144 2649 1189 2702 τὸν
1200 2651 1247 2702 τοῦ
1259 2648 1335 2702 Τάλω

185 2717 289 2772 ἔπεισεν
304 2718 409 2787 ἀντᾶραι
428 2719 469 2772 καί
486 2718 585 2773 ἀνελεῖν
602 2720 648 2788 τήν
659 2719 805 2788 Ἰδομενέως
820 2722 927 2802 γυναῖκα
945 2719 1036 2788 Μήδαν
1054 2719 1094 2772 καί
1112 2719 1143 2772 τά
1160 2717 1234 2772 τέκνα
1250 2718 1335 2786 αύτής.

185 2789 270 2913 sillalessc
286 2805 475 2912 nottlprorsus
494 2789 567 2845 inter
584 2806 616 2845 se
634 2791 786 2847 conuenire
804 2791 954 2847 uidentur:
976 2790 1028 2847 sed
1042 2799 1138 2846 tamen
1155 2788 1238 2844 huius
1257 2788 1334 2844 modi

197 2875 214 2913 a
264 2876 311 2914 am
323 2877 339 2915 e
351 2876 427 2914 ictas.

223 2932 342 2999 Leucus,
357 2932 434 2999 Cres,
447 2930 520 2986 filius
534 2931 606 3000 TaII,
623 2949 694 3002 puer
711 2932 806 2988 adhuc
823 2931 966 3003 expositus
984 2932 1020 2986 ab
1035 2931 1191 2986 Idomeneo
1208 2939 1336 2986 seruatur

186 3009 214 3054 et
227 3000 370 3055 educatur.
402 3001 478 3056 Huic
493 3002 663 3057 Idomeneus
676 3003 705 3056 in
718 3003 833 3058 Troiam
846 3003 1027 3074 proficiscens
1039 3001 1118 3072 regni
1131 3018 1228 3057 curam
1241 3001 1335 3058 tradit.

187 3071 306 3139 Leucus,
324 3071 440 3141 Nauplii
459 3072 532 3126 dolis
550 3073 719 3144 obsequens,
737 3075 854 3130 Medam
874 3073 1021 3129 Idomenei
1039 3090 1155 3127 uxorem
1173 3072 1336 3154 corrumpit,

185 3139 336 3211 imperium
357 3152 492 3212 occupat:
517 3160 583 3198 mox
604 3143 736 3199 incensus
756 3144 798 3198 ira
818 3145 935 3200 Medam
956 3155 984 3200 et
1005 3144 1092 3198 filiam
1113 3143 1218 3199 Medae
1238 3143 1336 3198 Clersi·

185 3212 305 3281 theram,
318 3229 404 3284 quam
420 3213 446 3269 ei
466 3213 636 3269 Idomeneus
653 3215 843 3285 desponderat
862 3215 886 3270 si
903 3215 1020 3271 aTroIa
1031 3213 1171 3282 rediisset,
1184 3213 1287 3269 occidit
1306 3213 1335 3270 ln

185 3285 293 3353 templo
315 3300 371 3354 quo
392 3283 585 3354 confugerant,
610 3285 692 3340 simul
716 3285 856 3355 Iphiclum
880 3303 915 3341 ac
936 3289 1070 3354 Leucum,
1093 3285 1199 3341 Medae
1222 3284 1334 3341 liberos.

186 3355 257 3410 Mox
270 3354 370 3408 decem
382 3355 466 3409 urbes
480 3357 581 3410 Cretae
593 3355 675 3426 rapit,
690 3356 876 3411 Idomeneum
888 3357 1005 3412 domum
1017 3356 1183 3411 redeuntem
1195 3355 1291 3426 abIgit.

222 3425 328 3494 Tetigit
340 3426 411 3480 haec
424 3425 526 3480 eadem
539 3426 693 3481 scholiasta
702 3428 733 3482 Il.
743 3427 770 3481 ii.
779 3428 833 3496 649
844 3427 892 3481 ubi
903 3426 1004 3482 Λεύκων
1016 3429 1123 3481 ὁΤάλας
1135 3425 1245 3495 dicitur,
1259 3425 1336 3497 quod

185 3512 236 3565 per
254 3512 378 3551 errorem
397 3495 533 3570 scriptum
551 3507 631 3566 putat
648 3496 813 3552 Dindorfius
832 3515 884 3567 pro
902 3499 917 3551 ὁ
934 3500 1019 3566 Τάλω,
1037 3496 1114 3568 quod
1131 3497 1218 3551 habet
1239 3498 1336 3553 Schol·

186 3566 368 3634 deirr.174.
385 3567 582 3638 Eustathiusp.
592 3568 660 3623 1860
668 3567 880 3622 Leuconiscum
890 3568 978 3623 Meda
985 3577 1113 3638 stuprum
1122 3583 1186 3621 curn
1193 3569 1337 3637 Clytaem-

185 3647 298 3692 nestrae
308 3647 336 3692 et
344 3637 476 3706 Aegiales
484 3637 629 3707 coniungit
637 3638 789 3694 adulteriis.
823 3641 905 3693 Haec
914 3648 1032 3709 utraque
1041 3638 1070 3692 In
1083 3637 1163 3692 Ibide
1173 3648 1336 3706 narrantur;

185 3707 261 3762 unde
273 3708 377 3762 Medae
390 3724 502 3778 quoque
514 3709 652 3778 flagitium
665 3709 880 3764 commemorari
893 3708 990 3779 potuit
1020 3711 1059 3764 At
1073 3707 1161 3762 Meda
1173 3723 1191 3762 a
1204 3710 1336 3765 Leucone

185 3778 303 3848 perIIsse
322 3778 424 3833 dicitur
440 3796 458 3833 a
471 3780 665 3849 Lycophrone‚
682 3796 740 3834 non
754 3781 867 3835 Leucon
881 3797 899 3834 a
913 3779 1009 3834 Meda.
1037 3781 1095 3851 Aut
1111 3777 1193 3833 aliter
1210 3779 1336 3833 fabulam

186 3849 293 3918 legerat
307 3849 436 3919 Ouidius,
450 3860 498 3905 aut
510 3860 643 3920 corrupta
655 3860 720 3906 sunt
733 3867 806 3921 quae
818 3851 925 3906 habent
938 3849 1058 3906 codices.
1098 3851 1176 3904 Nam
1188 3849 1212 3904 si
1225 3849 1327 3918 legeris

435 3921 516 3990 Quae
534 3921 636 3976 cecidit
656 3923 750 3976 Leuco
769 3921 889 3990 uindice,
908 3921 985 3976 dicta
1003 3921 1077 3990 piast

186 3989 299 4046 finxeris
318 3999 414 4046 autem
432 3991 551 4046 Medam
564 3995 683 4062 pz'etatis
701 4009 805 4047 nomen
825 3991 878 4047 sibi
896 4009 1044 4061 arrogasse
1062 3991 1139 4061 quod
1158 4006 1222 4045 curn
1242 3991 1336 4045 Leuco

185 4063 282 4117 mallet
302 4061 453 4116 adulterari
472 4079 557 4132 quam
577 4063 607 4116 in
627 4063 774 4118 Idomenei
792 4062 884 4118 redire
903 4061 1122 4130 matrimonium,
1141 4072 1293 4132 postquam
1311 4061 1337 4116 is

186 4133 275 4187 filium
297 4132 342 4188 uel
365 4131 452 4186 filiam
471 4133 550 4202 (nam
574 4143 724 4216 utrumque
746 4133 881 4189 traditum
902 4143 955 4203 est,
974 4134 1053 4188 Seru.
1073 4135 1111 4187 ad
1129 4134 1200 4187 Aen.
1219 4132 1254 4186 xi.
1275 4132 1337 4201 264,

187 4204 330 4273 Mythogr.
340 4203 404 4258 Vat.
415 4202 432 4258 i.
445 4216 501 4274 195,
510 4202 537 4258 ii.
547 4205 611 4266 210)
621 4214 669 4259 aut
682 4206 858 4260 immolasset
870 4214 918 4259 aut
931 4222 963 4259 se
975 4203 1185 4258 immolaturum
1195 4202 1336 4271 uouisset;

185 4284 308 4329 mortem
332 4272 454 4344 denique
479 4274 515 4329 de
540 4291 597 4345 qua
621 4275 689 4330 dicit
711 4276 879 4345 Lycophron
904 4276 1044 4344 posthoc
1069 4274 1214 4344 cognitum
1238 4283 1337 4328 uotum

186 4345 292 4400 factam
311 4344 473 4414 sumpseris,
486 4344 555 4399 satis
574 4345 724 4400 commode
742 4363 787 4401 res
806 4363 837 4400 se
855 4345 993 4416 expediet.
1032 4344 1109 4399 Dicit
1126 4344 1203 4400 enim
1216 4343 1337 4400 Ouidius

186 4415 323 4470 ⁸Habeas
335 4415 484 4483 coniugem
497 4432 570 4486 quae
583 4425 611 4471 et
628 4416 757 4471 adultera
768 4416 804 4472 sit
821 4426 849 4472 et
865 4415 979 4487 pietatis
991 4415 1105 4470 laudem
1118 4425 1259 4470 mereatur
1271 4415 1295 4470 si
1308 4425 1337 4470 te

185 4485 339 4556 necauerit,
359 4485 600 4568 quemadmodum
624 4487 770 4543 Idomenei
790 4505 860 4542 uxor
879 4488 967 4542 Meda
988 4496 1016 4542 et
1041 4487 1169 4542 adultera
1193 4485 1222 4541 in
1242 4487 1337 4541 Leuco

186 4557 239 4615 orit
251 4567 280 4615 et
292 4557 340 4628 pia
352 4557 429 4614 drcta
441 4567 484 4614 est
497 4558 574 4629 quod
586 4558 718 4614 maritum
731 4558 834 4616 liberos
847 4576 913 4616 suos
926 4558 1120 4615 immolantem
1133 4574 1190 4612 non
1203 4556 1314 4615 tulerit.’
