3296 5210
581 449 931 516 COMMENTARIVS.
1277 455 1335 514 169

178 623 286 664 nomes
296 607 443 676 Euryalus.
475 607 545 662 Aen.
560 605 595 662 ix.
608 619 657 677 179
666 607 708 662 Et
719 609 803 662 iuxta
815 624 924 662 comes
937 605 1094 677 Euryalus.
1166 609 1235 662 633.
1251 611 1335 662 Olin·

179 683 273 734 iudae
282 678 447 747 Alcibiadis,
457 677 565 733 Cliniae
575 677 632 732 lilii.
680 681 893 733 circumdatus
904 681 1032 744 ignibus
1045 681 1130 732 atris
1159 679 1241 732 Corn.
1258 681 1333 748 Nep.

180 751 275 806 Alcib.
285 769 302 803 x
311 751 412 820 Itaque
424 751 503 802 misit
515 748 736 818 (Pharnabazus)
750 749 950 803 Susamithren
962 755 989 802 et
999 750 1147 819 Bagaeum
1160 751 1201 802 ad
1209 749 1237 802 A
1240 750 1335 803 lcibia·

181 822 245 875 dem
254 821 485 891 interfieiendum,
494 837 558 874 eum
570 820 619 873 ille
625 826 694 873 esset
702 821 734 873 in
745 820 875 892 Phrygia
882 822 989 889 iterque
1001 821 1042 873 ad
1050 835 1141 890 regem
1151 824 1335 890 compararet.

181 893 266 950 messi
281 893 353 945 clam
373 892 524 959 ur'einitoti,
536 891 568 945 in
585 907 642 960 qua
659 897 721 944 tum
733 890 896 950 Alcibiades
908 896 977 959 erat,
990 890 1061 944 dant
1072 892 1215 960 negotium
1229 896 1261 944 ut
1272 907 1336 945 eum

180 963 362 1044 interficiant.
399 962 449 1016 illi
462 978 525 1015 eum
534 961 618 1031 ferro
635 962 755 1042 aggredi
768 978 825 1015 non
842 961 984 1029 auderent,
997 971 1098 1015 noctu
1117 960 1208 1028 ligna
1226 971 1336 1020 contu·

181 1034 291 1087 lerunt
311 1049 398 1086 circa
416 1048 527 1086 casam
545 1049 616 1086 eam
636 1049 667 1085 m
686 1048 749 1101 qua
768 1031 973 1101 quiescebat,
985 1048 1072 1101 eaque
1082 1033 1289 1100 succenderunt,
1303 1036 1337 1085 ut

180 1104 312 1160 incendio
322 1105 490 1174 conficerent,
503 1119 584 1172 quem
598 1119 685 1156 manu
697 1105 831 1171 superori
841 1107 922 1172 posse
932 1103 1098 1173 diffidebant.
1135 1103 1185 1155 ille
1196 1108 1290 1155 autern
1303 1108 1338 1156 ut

181 1177 278 1228 sonitu
286 1175 426 1243 flammae
437 1179 478 1226 est
488 1174 636 1240 excitatus,
646 1173 701 1226 etsi
709 1174 828 1243 gladius
840 1175 868 1227 ei
877 1179 940 1227 erat
950 1174 1108 1240 subductus,
1113 1172 1278 1242 familiaris
1289 1174 1339 1226 sui

181 1245 313 1298 subalare
320 1245 336 1314 (
337 1243 588 1311 isubulare),telum
597 1245 712 1313 eripuit.
731 1249 991 1314 namqueeratcum
1001 1244 1156 1313 ecquidem
1166 1243 1336 1300 eocArcadia

181 1315 288 1385 hospes,
298 1317 351 1385 qui
360 1332 516 1384 numquam
528 1315 663 1368 discedere
675 1315 813 1369 uoluerat.
837 1315 914 1368 hunc
923 1315 1004 1383 sequi
1012 1331 1041 1366 se
1049 1313 1128 1366 ¹iubet
1138 1319 1166 1366 et
1176 1314 1210 1367 id
1219 1315 1296 1384 quod
1304 1313 1336 1366 iri

176 1388 344 1457 praesentia
355 1385 662 1455 uestimentorumfurt,
675 1387 789 1456 arripit.
820 1385 865 1438 his
877 1387 908 1438 in
920 1386 1014 1455 ignem
1026 1384 1117 1438 eiectis
1123 1384 1263 1452 flammae
1275 1387 1336 1438 uim

181 1458 307 1510 transiit.
351 1473 432 1527 quem
457 1461 490 1508 nt
511 1456 626 1509 barbari
647 1457 807 1509 incendium
830 1457 958 1526 effiagisse
979 1455 1120 1522 uiderunt,
1143 1456 1207 1508 telis
1226 1457 1337 1508 eminus

182 1529 278 1582 messes
295 1527 502 1597 interficerunt,
515 1531 654 1597 caputque
670 1528 783 1580 eiusad
791 1526 1012 1580 Pharnabazum
1024 1526 1184 1579 retulerunt
1192 1525 1214 1579 *.
1254 1524 1335 1579 Idem

183 1597 269 1652 tradit
283 1597 427 1651 Diodorus
441 1596 495 1651 xiv.
512 1612 551 1665 11,
566 1598 733 1650 Plutarchus
746 1598 807 1651 Alc.
820 1595 901 1650 xxxix
913 1613 919 1663 ;
938 1595 985 1649 hic
997 1606 1093 1649 tamen
1106 1595 1177 1649 alios
1191 1594 1259 1650 dicit
1272 1612 1335 1649 nar·

182 1685 262 1723 rasse
276 1667 454 1722 Alcibiadem
468 1685 485 1722 a
497 1666 630 1722 fratribus
643 1667 823 1732 mulierculae
837 1684 922 1737 quarn
934 1665 1074 1736 rapuisset
1087 1666 1249 1720 confossum
1262 1666 1343 1733 telis,·

183 1740 252 1793 dum
271 1739 388 1793 incensa
406 1739 588 1806 casa'sugam
606 1748 727 1807 pararet.
765 1739 853 1798 Paulo
868 1736 949 1791 aliter
963 1735 1087 1790 lustinus
1100 1755 1126 1792 v.
1140 1738 1156 1791 8
1171 1737 1259 1806 Quem
1271 1753 1335 1790 eum

176 1811 337 1881 profectum
350 1810 391 1863 ad
398 1810 582 1862 Artaxerxen
591 1810 745 1873 &aarum
758 1825 850 1879 regern
862 1809 1035 1877 conperisset,
1045 1809 1130 1861 citato
1143 1808 1243 1861 itinere
1255 1809 1335 1860 mise-

182 1887 261 1949 runt,
275 1882 328 1951 qui
341 1897 404 1933 eum
421 1881 636 1949 interciperent:
656 1897 675 1932 a
693 1880 793 1949 quibus
811 1883 967 1949 occupatus,
980 1895 1044 1932 curn
1062 1879 1150 1932 occidi
1166 1881 1260 1949 aperte
1278 1895 1335 1931 nore

177 1955 281 2023 posset,
301 1953 389 2004 uiuus
408 1953 440 2004 in
460 1951 593 2020 cubz'culo,
611 1952 643 2004 in
665 1967 719 2019 qno
738 1950 899 2018 dormiebat,
917 1955 1057 2003 crematus
1077 1955 1125 2003 est.
1167 1950 1252 2018 ignes
1272 1953 1335 2004 atri

184 2022 315 2076 dicuntur
339 2031 485 2090 tamquam
509 2022 587 2075 furno
611 2020 695 2090 pleni.
739 2021 811 2075 Vide
836 2018 1044 2089 Coningtonem
1065 2019 1103 2074 ad
1124 2019 1194 2074 Aen.
1217 2019 1251 2074 iv.
1273 2021 1332 2088 384

183 2095 252 2147 634.
273 2096 489 2148 semicremata
501 2091 654 2161 ἡμίφλεκτα.
693 2091 740 2146 Sic
753 2091 788 2146 de
803 2092 926 2146 Hercule
938 2089 1078 2144 Lucianus
1092 2090 1166 2144 Dial.
1182 2092 1266 2145 Mort.
1277 2089 1334 2146 xiii.
1348 2109 1353 2118 ·

163 2178 200 2220 .2
214 2162 308 2234 Πρῷην
320 2163 429 2230 ἀνῆλθες
441 2162 599 2232 ἡμίφλεκτος
609 2163 652 2216 ὑπ’
664 2162 762 2231 ἀμφοῖν
775 2161 961 2231 διεφθαρμένος
972 2161 1002 2214 τὸ
1016 2165 1099 2229 σῶμα,
1113 2161 1154 2214 καὶ
1169 2163 1216 2215 τοῦ
1228 2167 1336 2230 χιτῶνος

184 2236 225 2288 καὶ
246 2234 309 2301 μετὰ
330 2236 408 2286 τοῦτο
428 2237 475 2286 τοῦ
495 2235 584 2304 πυρός.
657 2236 784 2298 Stygiae
805 2236 875 2286 neci
895 2231 951 2287 ‘So
972 2232 1033 2285 that
1053 2232 1124 2285 thou
1144 2241 1237 2300 mayst
1258 2233 1334 2286 h'alfe

183 2305 294 2360 burned
312 2304 397 2368 beare
416 2305 467 2373 thy
485 2304 626 2358 members
645 2313 675 2358 to
699 2305 750 2371 thy
766 2303 870 2372 grave!
898 2305 931 2357 T.
941 2301 1131 2356 Vnderdown.
1179 2302 1334 2356 Merkelius

184 2385 331 2446 comparat
352 2377 392 2429 M.
405 2373 443 2428 iii.
456 2375 509 2445 694
520 2377 700 2444 cruciataque
715 2375 788 2439 diris
801 2375 926 2444 Corpora
942 2374 1090 2427 tormentis
1104 2373 1221 2442 Stygiae
1236 2373 1334 2426 demit·

183 2451 235 2500 tite
256 2447 349 2509 morti.
426 2447 494 2500 635.
513 2449 619 2510 Remo.
653 2445 713 2508 Liu.
726 2444 743 2499 i.
758 2457 773 2511 7
792 2445 943 2514 Vulgatior
944 2444 1032 2514 fama
1043 2449 1084 2496 est
1096 2443 1219 2497 ludibrio
1223 2443 1335 2513 fratris

183 2519 303 2571 Remum
311 2525 399 2570 nouos
408 2517 586 2570 transiluisse
598 2533 701 2582 muros,
709 2516 775 2570 inde
786 2516 820 2568 ab
827 2517 902 2568 irato
911 2515 1040 2581 Romulo,
1050 2530 1113 2567 eum
1122 2513 1215 2566 uerbis
1227 2531 1335 2583 qnoque

183 2590 357 2658 increpitans
372 2587 522 2654 adiecisset,
536 2587 601 2641 ‘Sic
611 2587 712 2650 deinde
720 2587 879 2657 quicunque
890 2586 967 2649 alz'us
982 2585 1126 2639 transiliet
1137 2585 1247 2637 moenia
1259 2585 1336 2637 mea'

184 2659 369 2729 interfectum.
409 2657 474 2726 Alii,
493 2658 529 2712 ab
549 2657 583 2711 iis
602 2656 650 2728 qui
669 2675 734 2711 cum
752 2657 875 2710 Romulo
893 2665 981 2724 erant,
1002 2654 1121 2709 Ouidius
1141 2655 1173 2708 F.
1187 2653 1223 2709 iv.
1237 2655 1297 2722 843,
1316 2671 1335 2709 a

185 2731 293 2798 Celere,
316 2745 400 2800 quem
424 2728 486 2782 urbi
512 2728 678 2783 condendae
699 2728 881 2799 praefecerat,
904 2726 1081 2781 interiectum
1104 2727 1226 2779 Remum
1248 2723 1334 2779 tradi·

185 2801 293 2855 derunt.
332 2805 336 2811 '
393 2803 461 2854 636.
479 2803 610 2862 matida,
623 2801 654 2854 F.
668 2797 704 2862 iu.
717 2799 769 2867 809
782 2815 861 2851 omne
880 2799 1052 2851 Pastorum
1066 2797 1181 2866 gemino
1199 2796 1250 2848 sub
1267 2796 1336 2850 duee

185 2872 292 2941 uulgus
303 2875 372 2925 erat.
411 2870 581 2924 Contrahere
599 2878 752 2939 agrestes
761 2871 799 2922 'et
810 2869 920 2922 moenia
933 2871 1035 2938 ponere
1051 2869 1165 2936 utrique
1178 2867 1317 2920 Conuenit
1324 2885 1336 2922 .·

185 2943 351 3012 ambigitur,
362 2943 471 2994 moenia
482 2945 575 3011 ponat
586 2947 656 2995 uter.
689 2939 733 3006 lbi
747 2939 866 3004 Ouidius
879 2938 947 2993 dic-it
959 2939 1085 2993 Celerem
1098 2943 1188 3005 rutro,
1202 2936 1278 3006 quod
1291 2947 1334 2992 est

185 3012 402 3066 instrumentum
415 3011 577 3082 agrestium,
588 3013 710 3065 Remum
723 3009 898 3110 oppressisse
910 3009 993 3079 (843).
1066 3011 1137 3062 038.
1155 3011 1206 3062 his
1219 3048 1226 3064 .
1240 3010 1334 3064 ,loeis

185 3084 239 3138 hac
258 3082 372 3152 regione
393 3081 483 3146 Ponti.
591 3084 740 3136 333344.
775 3083 869 3140 These
885 3080 980 3150 things
999 3079 1029 3133 in
1048 3078 1148 3133 sodain
1167 3079 1252 3132 rnode
1269 3079 1334 3132 thus

185 3155 262 3224 pend
281 3164 310 3207 to
327 3154 392 3208 thee
411 3152 537 3207 directed
555 3152 599 3221 be,
619 3153 694 3218 That
713 3153 781 3206 thou
802 3151 893 3214 neede
914 3161 964 3205 not
983 3151 1150 3220 complayne
1169 3151 1230 3204 that
1251 3151 1263 3202 1
1283 3167 1334 3203 un-

186 3224 332 3284 mindefull
351 3240 397 3278 arn
417 3225 450 3276 os
463 3225 537 3278 thee.
575 3225 656 3292 They
669 3239 716 3277 are
733 3223 784 3277 but
799 3222 861 3291 few,
882 3224 893 3275 I
915 3230 1023 3291 graunt,
1042 3221 1093 3275 but
1106 3221 1172 3274 God
1190 3237 1243 3274 can
1262 3237 1335 3289 geue

186 3312 234 3364 my
252 3311 371 3365 prayers
386 3311 473 3363 more,
489 3293 556 3358 And
573 3293 639 3356 with
658 3294 702 3348 his
720 3294 801 3347 fauor
819 3310 867 3362 my
885 3304 1030 3362 requestes
1049 3308 1102 3344 can
1120 3291 1249 3361 multiply
1268 3291 1334 3344 with

186 3376 269 3421 store.
306 3366 456 3428 Hereaster
474 3365 544 3428 thou,
559 3365 644 3434 much
657 3381 735 3419 more
748 3365 823 3419 shalt
839 3362 1049 3418 reade'wherin
1062 3362 1161 3416 shalbe
1174 3363 1224 3431 thy
1233 3377 1335 3416 namet

219 3513 335 3561 *Similis
354 3513 398 3576 {uit
417 3528 478 3560 mors
496 3510 641 3574 imperatoris
662 3511 763 3559 Romani
782 3511 885 3558 Valentis
897 3517 955 3572 'post
972 3523 1073 3572 pugnarn
1094 3508 1123 3554 ad
1146 3508 1335 3569 Hadrianopolim

186 3592 238 3628 nn.
251 3578 307 3641 378.
331 3579 432 3636 Gibbon,
444 3580 538 3634 Decliue
549 3580 594 3626 and
606 3579 660 3635 Fah,
672 3593 692 3625 c.
702 3579 766 3642 axvi,
778 3579 828 3638 ·By
839 3577 878 3627 the
889 3591 941 3622 care
954 3576 981 3622 of
993 3576 1029 3621 his
1042 3574 1180 3632 attendants,
1193 3575 1277 3621 Valens
1290 3590 1336 3622 was

185 3643 295 3692 removed
312 3645 374 3693 from
392 3645 430 3692 the
448 3645 501 3691 held
518 3644 546 3690 of
559 3645 632 3698 battle
648 3653 674 3691 to
689 3659 702 3690 a
717 3643 884 3705 neighbouring
900 3649 1000 3704 cottage.
1013 3639 1089 3685 where
1100 3639 1156 3699 they
1168 3641 1297 3700 attempted
1308 3650 1335 3687 to

186 3712 247 3757 dress
268 3711 302 3756 his
323 3711 415 3766 wound,
435 3711 480 3756 and
496 3718 522 3756 to
539 3710 634 3771 provide
651 3708 687 3756 lor
703 3707 739 3756 his
756 3709 832 3758 future
849 3708 930 3768 salety.
964 3709 1010 3752 But
1026 3705 1071 3751 this
1087 3704 1181 3751 humble
1192 3714 1277 3752 retreat
1288 3721 1336 3752 was

188 3775 299 3836 instantly
311 3777 448 3822 surrounded
466 3778 498 3836 by
508 3775 549 3822 the
563 3790 660 3836 enemy:
678 3775 734 3835 they
746 3775 804 3827 tried
820 3782 846 3820 to
857 3773 920 3820 force
934 3771 975 3818 the
986 3773 1060 3828 door;
1075 3769 1131 3830 they
1143 3785 1203 3816 were
1215 3771 1336 3830 provoked

186 3843 219 3902 by
230 3857 243 3888 a
254 3841 373 3904 discharge
384 3843 412 3887 of
420 3856 505 3890 arrows
517 3841 576 3887 from
588 3841 628 3888 the
641 3841 703 3905 roof,¹
713 3840 747 3886 till
758 3848 782 3886 at
796 3837 883 3900 length,
892 3839 1014 3896 impatieut
1025 3835 1052 3882 of
1061 3836 1135 3895 delay,
1145 3835 1201 3896 they
1210 3844 1244 3882 set
1256 3836 1297 3882 fire
1310 3845 1334 3882 to

187 3923 201 3954 a
218 3908 263 3966 pile
280 3907 307 3953 ol
321 3908 363 3968 dry
380 3908 479 3971 saggots,
496 3907 541 3952 and
559 3907 684 3954 consumed
704 3905 744 3966 the
761 3913 855 3968 eonage
874 3903 934 3961 seith
948 3903 988 3950 the
1005 3903 1098 3948 Roman
1115 3901 1225 3961 Emperor
1242 3903 1287 3948 and
1300 3902 1335 3948 his

186 3970 263 4021 train.'
296 3973 382 4033 Estque
402 3975 496 4036 dignum
516 3981 598 4019 notatu
619 3972 709 4032 quoties
729 3972 751 4017 in
770 3971 863 4030 proeliis
883 3979 906 4018 et
926 3969 993 4015 rebus
1012 3968 1081 4030 gestis
1098 3967 1230 4013 Gothorum
1250 3976 1335 4014 mortes

187 4039 256 4096 Ibidis
268 4053 294 4085 ac
306 4038 415 4098 supplicia
428 4046 572 4084 renouentur.
606 4038 642 4085 Sic
654 4036 747 4098 Tydeus
760 4036 885 4097 Menalippi
897 4043 966 4094 caput
976 4033 1098 4080 exsorbens
1109 4033 1207 4080 similem
1219 4033 1252 4078 sui
1264 4031 1335 4080 habet

187 4104 323 4160 saracenum
335 4104 399 4163 illum
411 4118 447 4164 ap.
460 4104 537 4150 Amm.
550 4104 623 4150 Marc.
634 4105 697 4166 riri.
710 4099 739 4148 16
749 4102 852 4149 Crinitus
857 4101 958 4164 quidam
969 4099 1045 4145 nudus
1056 4097 1134 4144 omnia
1143 4106 1236 4159 praeter
1243 4098 1333 4158 pubem,

186 4169 328 4217 subraucum
340 4183 368 4215 aa
378 4169 477 4232 lugubre
493 4163 599 4230 strepens,
617 4168 696 4215 educto
710 4168 814 4230 pugione
831 4167 924 4231 agmini
939 4181 962 4212 se
978 4165 1053 4212 medio
1066 4163 1197 4210 Gothorum
1208 4163 1305 4211 inseruit
1315 4171 1337 4210 et

186 4234 299 4294 interjecti
310 4234 380 4282 hostis
391 4234 473 4298 riegola
483 4234 552 4288 labra
563 4234 675 4295 admpuit,
692 4233 830 4296 effusumque
844 4247 949 4279 cruorem
964 4229 1073 4277 ensuxsit.
1106 4229 1143 4276 Sic
1156 4229 1234 4276 Mettii
1247 4228 1335 4276 Suffetii

186 4314 287 4361 poenam
298 4301 461 4347 Rermanricus
472 4315 515 4359 rex,
528 4299 659 4354 Gothorum
672 4300 774 4358 imitatus
786 4307 819 4344 est
830 4312 882 4344 cum
900 4297 1026 4359 quamdam
1038 4295 1157 4343 mulierem
1167 4295 1336 4343 Suanihildom

187 4366 278 4413 nomine
296 4367 359 4428 equis
369 4365 486 4425 ferocibus
502 4365 619 4429 illigatam
636 4363 779 4426 incitatisque
795 4364 897 4410 cursibus
910 4371 954 4424 per
970 4362 1063 4414 diuersa
1080 4359 1160 4407 diuelli
1173 4361 1334 4422 praecepisset.

187 4431 279 4480 lordan.
291 4431 321 4478 de
335 4432 388 4488 Get.
401 4431 465 4494 Orig.
477 4432 540 4490 nris.
574 4431 609 4478 Sic
625 4431 776 4490 Sardanapalli
788 4430 855 4486 iunus
866 4444 919 4475 cum
931 4427 1050 4476 carissimis
1060 4441 1153 4477 suorum
1166 4434 1335 4487 repraesentant

186 4497 406 4623 exsequiae)Attilae
423 4512 475 4555 curn
490 4495 643 4558 sepelientibus
659 4495 741 4558 sepulti
758 4495 861 4559 (lordan.
873 4495 941 4556 iilia),
958 4502 983 4552 et
1000 4493 1137 4550 hunnorum
1155 4494 1263 4556 (Procop.
1277 4492 1333 4540 Bell.

187 4563 276 4610 Persi.
291 4574 326 4624 3.
