3296 5210
588 458 937 523 COMMENTARIVS.
1281 464 1340 520 167

186 621 363 693 Tragoedias
388 621 424 678 de
450 620 603 676 Palamede
628 619 799 690 scripserunt
821 619 979 688 Aeschylus
1005 619 1161 690 Sophocles
1187 618 1345 690 Euripides*

185 695 369 764 Astydamas‚
388 693 422 748 cf.
444 693 521 748 Seru
541 692 579 747 ad
597 693 667 746 Aen.
682 691 710 746 ii.
726 693 769 760 82,
787 690 918 746 Philostr.
939 689 1054 744 Heroic.
1072 703 1124 756 714
1142 689 1202 743 ἀλλ’
1219 691 1341 761 ἔφθησαν

185 765 266 820 αὐτὸν
283 765 309 818 αἱ
326 762 478 819 Ὀδυσσέως
495 764 606 833 μηχαναὶ
624 765 716 831 σοφῶς
734 762 894 832 ξυντεθεῖσαι
913 761 954 814 καί
972 765 1075 831 χρυσοῦ
1092 761 1140 831 μὲν
1157 760 1239 829 ἥττων
1256 761 1339 830 ἔδοξε,

185 835 316 907 προδότης
332 857 360 889 τε
378 829 442 889 εἶναι
460 831 636 904 κατεψεῦοθη,
650 833 798 903 περιαχθεὶς
816 832 844 885 δέ
862 833 898 885 τὼ
916 835 987 902 χεῖρε
1006 831 1172 899 κατελιθὸθη,
1184 833 1340 896 βαλλόντων

186 907 264 960 αὐτὸν
280 905 501 974 Πελοποννησίων
518 925 546 958 τε
565 905 605 958 καὶ
623 901 780 971 Ἰθακησίων.
807 901 869 970 ἡδὲ
886 901 953 970 άλλη
972 899 1070 958 Ἑλλὰς
1088 902 1148 956 οῦδὲ
1166 903 1234 973 ἑώρα
1251 906 1340 968 τοῦτο,
1383 901 1386 910 ’

186 976 256 1030 άλλὸ
269 978 310 1030 καὶ
322 976 447 1031 δοκοῦντα
459 975 554 1029 ἀδικεῖν
565 973 661 1046 ιἠγάπα.
678 975 747 1042 ὦμδν
759 973 800 1028 καί
812 974 842 1028 τὸ
853 971 893 1028 ἐπ’
904 972 972 1045 αὐτῷ
986 972 1110 1043 κηρυγμα·
1123 973 1158 1042 μὴ
1170 974 1221 1044 γάρ
1235 972 1341 1027 θάπτειν

186 1048 232 1100 τὸν
241 1046 401 1116 Παλαμήδην
412 1047 476 1114 μηδέ
484 1047 574 1100 ὁσιοῦν
586 1049 616 1114 τῇ
629 1046 672 1114 γῇ,
681 1043 853 1112 ἀποθνήσκειν
865 1043 894 1098 δέ
905 1045 951 1098 τὸν
960 1043 1112 1110 ἀνελόμενόν
1120 1065 1148 1098 τε
1158 1045 1199 1096 καὶ
1209 1043 1341 1114 θάψαντα.

186 1120 254 1186 om,
267 1121 296 1172 2.
313 1117 442 1172 Historia
454 1116 559 1187 ignota,
573 1127 600 1171 et
613 1115 775 1171 nominibus
788 1114 904 1170 incerta.
942 1116 1035 1184 Quam
1053 1132 1129 1169 nunc
1147 1114 1340 1169 coniecturam

186 1188 382 1258 propositurus
401 1205 472 1276 sum²
492 1187 597 1258 pendet
615 1205 650 1242 ex
669 1186 754 1241 Diod
772 1185 788 1241 i.
803 1187 845 1254 88,
862 1185 910 1240 ubi
930 1185 966 1240 de
983 1185 1132 1255 Aegyptiis
1151 1185 1248 1240 dicens
1268 1187 1340 1240 haec

186 1259 283 1314 habet.
293 1259 358 1313 Τοὺς
365 1259 393 1312 δέ
401 1257 513 1330 πυρροὺς
521 1262 585 1321 βοῦς
593 1257 791 1328 συγχωρηθῆναι
800 1256 869 1310 θύειν
878 1255 919 1310 διά
928 1258 958 1310 τὸ
967 1257 1050 1310 δοκεῖν
1057 1259 1174 1310 τοιοῦτον
1180 1257 1216 1327 τῷ
1223 1257 1341 1326 χρώματι

179 1330 320 1423 γεγονέναι
329 1331 440 1398 Τυφιῦνα
452 1330 497 1383 τὸν
508 1327 732 1394 ἐπιβουλεύσαντα
743 1329 790 1397 μὲν
800 1325 922 1396 Ὀσίριδι,
934 1329 1046 1396 τυχόντα
1058 1327 1089 1380 δέ
1099 1326 1221 1398 τιμωρίας
1233 1327 1283 1380 ὑπὸ
1295 1328 1341 1393 τῆς

195 1400 284 1456 Ισιδος
296 1400 338 1454 διά
355 1401 400 1454 τὸν
415 1399 523 1468 τάνδρὸς
541 1402 632 1470 φὸνον.
669 1399 718 1452 Καὶ
735 1401 786 1453 τῶν
803 1397 943 1466 ἀνθρώπων
961 1396 989 1450 δέ
1007 1397 1068 1452 τοὺς
1085 1398 1286 1468 ὁμοχρωμάτους
1303 1399 1340 1468 τῷ

186 1473 293 1540 Τυφῶνι
304 1472 334 1525 τὸ
345 1471 458 1525 παλαιὸν
466 1471 516 1524 {ard
527 1475 578 1525 τῶν
590 1467 723 1535 βασιλέων
731 1467 920 1539 φασὶθάεσθαι
932 1469 997 1538 πρὸς
1008 1470 1044 1540 τῷ
1055 1469 1132 1538 τάφῳ
1144 1472 1190 1521 τοῦ
1199 1467 1340 1537 Ὀσίριδος·

186 1547 238 1596 τῶν
255 1543 303 1608 μέν
320 1540 365 1596 οῦν
380 1541 527 1611 Αἰγυπτίων
542 1541 648 1612 ὀλίγους
663 1541 733 1595 τινάς
749 1538 915 1610 εὑρίσκεσθαι
932 1537 1053 1610 πυῤῥοῦς,
1069 1543 1121 1592 τῶν
1137 1538 1166 1592 δέ
1184 1537 1263 1605 ξένων
1279 1539 1341 1593 τοῦς

186 1613 301 1668 πλείους·
319 1612 360 1667 διὸ
378 1613 419 1666 καὶ
436 1613 495 1682 περὶ
512 1613 558 1678 τῆς
570 1611 722 1681 Βουσίριδος
737 1610 898 1678 ξενοκτονίας
911 1610 980 1678 παρὰ
991 1612 1046 1663 τοῖς
1058 1607 1190 1675 Ἕλλησιν
1202 1609 1341 1678 ἐνισχῦσαι

187 1683 233 1737 τὸν
245 1683 335 1752 μῦθον,
348 1682 378 1736 οὗ
390 1687 436 1737 τοῦ
448 1684 580 1746 βασιλέως
592 1681 779 1751 ὀνομαζομένου
792 1680 952 1750 Βουσίριδος,
965 1679 1034 1733 ἀλλὰ
1050 1683 1097 1734 τοῦ
1108 1678 1242 1749 Ὀσίριδος
1252 1679 1342 1748 τάφου

186 1752 282 1820 ταύτην
293 1755 398 1823 ἔχοντος
409 1753 455 1820 τὴν
465 1752 645 1843 προσηγορίαν
657 1755 720 1806 κατὰ
732 1752 778 1822 την
789 1756 840 1807 τῶν
851 1752 984 1822 ἐγχωρίων
996 1750 1137 1804 διάλεκτον.
1166 1751 1238 1805 Plut.
1251 1750 1287 1805 de
1301 1751 1339 1806 Is.

188 1834 217 1879 et
231 1823 304 1879 Osir.
314 1823 398 1878 xxxiii
411 1826 522 1895 Τυφῶνα
535 1823 563 1878 δε
575 1827 626 1878 πᾶν
638 1825 667 1876 τὸ
680 1823 812 1893 αὐχμηρὸν
825 1823 865 1875 καὶ
877 1822 993 1892 πυρῶδες
1005 1822 1046 1875 καὶ
1058 1821 1209 1891 ξηραντικὸν
1221 1820 1289 1876 ὅλως
1298 1820 1341 1874 καὶ

187 1895 356 1963 πολέμιοντῇ
372 1895 500 1966 ῦγρὸτητι.
538 1895 584 1948 Διὸ
602 1895 643 1947 καὶ
654 1892 810 1965 πυρῤὁχρων
824 1893 957 1984 γεγονέναι
975 1893 1011 1965 τῷ
1027 1894 1127 1959 σώματι
1144 1892 1184 1945 καὶ
1200 1890 1341 1962 πάρωχρον

187 1966 332 2032 νομίζοντες
347 1967 378 2020 οῦ
392 1967 458 2020 πάνυ
471 1963 608 2036 προθύμως
621 1965 825 2058 ἐντυγχάνουσιν
837 1965 897 2017 ουδὲ
913 1963 993 2032 ἡδέως
1009 1964 1132 2032 ὁμιλοῦσι
1144 1965 1200 2017 τοῖς
1215 1961 1342 2018 τοιούτοις

187 2036 234 2104 τὴν
243 2035 308 2105 ὁφιν
315 2035 465 2106 ἀνθρώποις·
483 2038 527 2090 τὸν
535 2033 677 2107 δέὈσιριν
689 2057 721 2089 av
729 2035 808 2089 πάλιν
816 2035 982 2105 μελάγχρουν
992 2032 1125 2105 γεγονέναι
1137 2033 1341 2102 μυθολογοῦσιν,

188 2105 228 2159 ὁτι
241 2111 292 2160 πᾶν
303 2105 372 2176 ὕδωρ
385 2108 426 2160 καὶ
438 2109 486 2177 γῆν
498 2108 538 2160 καί
552 2107 638 2174 ίμάτια
650 2107 691 2160 καὶ
702 2106 768 2174 νέφη
780 2105 894 2175 μελαίνει
906 2103 1066 2176 μιγνύμενον.
1098 2103 1175 2158 Hinc
1188 2103 1341 2158 edocemur

188 2177 320 2234 homines
338 2177 400 2232 rufo
419 2180 512 2232 colore
534 2177 601 2231 odio
620 2177 707 2232 fuisse
725 2176 882 2246 Aegyptiis,
901 2185 929 2231 ct
948 2175 1102 2245 antiquitus
1124 2175 1162 2230 ad
1181 2175 1341 2244 sepulcrum

190 2247 311 2303 Osiridis
337 2248 497 2303 immolatos
522 2258 668 2318 tamquam
690 2246 835 2302 inimicum
859 2245 919 2301 eius
942 2247 1082 2316 Typhona
1107 2245 1154 2315 qui
1179 2244 1240 2314 ipse
1262 2245 1341 2299 rufus

163 2341 171 2352 1
188 2329 264 2374 esset
277 2319 450 2388 referentes;
476 2329 623 2388 praeterea
639 2319 694 2373 hoc
712 2319 805 2372 colore
824 2316 872 2388 qui
891 2327 994 2386 essent,
1007 2317 1084 2371 uelut
1100 2326 1230 2370 externos
1248 2315 1340 2380 notari

188 2390 226 2444 ab
244 2389 401 2460 Aegyptiis,
419 2407 473 2444 nec
491 2390 611 2444 libenter
630 2389 701 2444 adiri
724 2388 831 2443 solitos.
877 2389 959 2442 Haec
977 2393 1091 2456 poetam
1110 2386 1151 2441 sic
1170 2386 1340 2440 adumbrare

189 2476 293 2516 censeo
310 2471 339 2515 ut
351 2462 488 2515 Aethalos
506 2460 542 2514 sit
559 2459 577 2515 i.
587 2477 613 2531 q.
626 2459 788 2531 πυρῤόχρως,
801 2460 856 2513 hoc
874 2469 970 2512 autem
986 2457 1101 2511 nomine
1119 2456 1252 2511 uniuersa
1270 2473 1341 2525 gens

188 2535 240 2585 τῶν
256 2530 369 2603 πυῤῥῶν,
389 2531 418 2585 id
437 2531 515 2601 quod
532 2531 604 2586 solet
623 2531 651 2584 in
674 2529 778 2599 mythis
797 2529 865 2598 fieri,
885 2529 1042 2583 denotetur.
1079 2529 1165 2581 Hunc
1183 2531 1341 2582 Aethalon

189 2602 250 2656 siue
262 2613 408 2656 externum
426 2606 541 2667 hospes
560 2619 627 2655 suus
639 2601 796 2670 Aegyptius
814 2604 849 2654 in
867 2603 964 2654 Isidis
982 2598 1089 2668 templo
1106 2599 1192 2652 fertur
1204 2596 1340 2652 coniectis

149 2702 151 2706 ·
189 2673 252 2727 telis
266 2671 343 2743 (625)
358 2672 515 2741 occidisse;
539 2673 615 2727 unde
633 2671 791 2728 institutum
810 2680 841 2725 ut
860 2670 907 2740 qui
926 2669 1011 2724 simili
1028 2668 1123 2739 specie
1142 2678 1237 2723 essent
1256 2685 1274 2722 a
1285 2667 1341 2722 ritu

189 2744 261 2798 deae
286 2754 454 2804 arcerentur.
598 2746 662 2798 62L
682 2746 752 2798 ulta
776 2745 932 2809 spoliauit,
956 2739 1103 2794 interfecit.
1139 2740 1210 2810 Aen.
1231 2738 1267 2793 vi.
1291 2739 1340 2792 168

188 2815 344 2885 Postquam
355 2815 441 2868 illum
459 2812 529 2868 uita
547 2815 639 2869 uictor
656 2813 814 2884 spoliauit
826 2811 959 2866 Achilles.
999 2809 1098 2878 lustin.
1110 2809 1164 2864 xvi.
1177 2824 1195 2876 4
1206 2810 1342 2880 spoliatos

178 2885 313 2954 fortunis
325 2883 394 2940 uita
406 2901 514 2955 quoque
526 2884 690 2954 spoliauit.
715 2903 793 2938 xxxv.
811 2899 821 2937 1
837 2885 998 2952 ur'ctumque
1010 2882 1078 2937 uita
1085 2882 1201 2951 pariter
1211 2897 1244 2934 ac
1255 2896 1342 2950 regnu

188 2955 322 3026 spoliat.
394 2958 430 3009 in
440 2958 538 3010 Isidis
550 2956 664 3025 templo.
680 2955 789 3010 Callim.
802 2956 857 3024 Ep.
873 2966 913 3023 57.
930 2970 940 3007 1
955 2953 1064 3022 Ἰναχίης
1075 2952 1187 3019 ἔστησεν
1197 2950 1226 3004 ἐν
1232 2947 1340 3006 Ἴσιδος.

188 3029 259 3081 622.
277 3040 405 3094 memor,
418 3036 448 3081 ut
467 3025 604 3080 memoria
621 3025 688 3080 facti
707 3035 782 3080 extet
796 3024 976 3093 ‘recording'
988 3023 1049 3078 siue
1062 3021 1108 3076 ‘in
1127 3022 1226 3076 record
1245 3021 1278 3075 of
1292 3022 1341 3076 the

188 3099 291 3153 event.’
365 3099 402 3151 lo
420 3097 461 3151 sic
474 3101 484 3150 l
496 3106 625 3166 correpta
642 3096 744 3165 legitur
757 3099 826 3151 Her.
839 3096 891 3150 xiv.
906 3111 953 3160 103
970 3094 1048 3164 Quae
1062 3094 1116 3148 tibi
1129 3109 1214 3148 causa
1223 3093 1342 3164 fugae?

188 3169 263 3239 quid
277 3169 311 3222 Io
325 3168 408 3238 freta
428 3169 515 3239 longa
534 3170 695 3238 pererras?
725 3167 913 3238 ‘quamquam
935 3165 1052 3220 libellus.
1067 3164 1129 3230 iste,
1150 3162 1241 3234 qualis
1265 3179 1342 3218 nunc

189 3239 306 3308 quidem
323 3239 418 3308 fertur,
437 3239 510 3292 adeo
529 3238 621 3292 omnis
645 3237 757 3307 generis
782 3237 895 3308 ineptiis
920 3235 1159 3306 dissonantiisque
1177 3243 1276 3302 scatet,
1294 3233 1342 3288 uix

189 3309 346 3380 quidquam
370 3319 400 3364 ut
428 3308 576 3379 indignum
604 3308 733 3363 uideatur
760 3308 820 3362 eius
843 3309 974 3362 auctore!
1020 3309 1087 3361 Luc.
1109 3306 1229 3360 Mueller
1250 3305 1286 3360 de
1310 3322 1342 3359 re

191 3381 314 3435 Mettica
340 3397 366 3450 p.
387 3393 447 3449 247,
473 3397 595 3450 quocum
615 3379 683 3435 facit
701 3379 787 3434 etiam
805 3381 839 3434 A
860 3381 980 3433 Palmer.
1018 3377 1076 3432 Sed
1097 3376 1126 3430 in
1150 3375 1238 3430 Ibidis
1257 3392 1342 3430 uersu

189 3451 317 3507 nonnulli
330 3451 442 3505 codices
455 3452 561 3505 hahent
573 3453 628 3504 ion.
662 3451 705 3505 Cf.
717 3451 807 3504 Varro
822 3451 853 3504 L.
867 3451 898 3504 L.
911 3449 968 3502 viii.
981 3463 1014 3502 22
1027 3447 1114 3502 huius
1125 3446 1306 3501 Artemtilon'
1314 3451 1345 3500 et

189 3521 838 3591 haimIonzlethuz'usEplzesii:sicincarthus
846 3520 921 3574 aliis.
941 3521 1005 3589 Quo
1014 3528 1132 3586 retent0‚
1141 3517 1302 3587 scriptoque
1312 3517 1342 3572 in

190 3609 218 3646 u.
227 3593 277 3646 621
287 3593 416 3647 Isindius
425 3593 469 3647 uel
478 3593 606 3660 Sindius,
617 3591 657 3646 sic
670 3590 906 3662 interpretaberis,
914 3599 944 3644 ut
958 3589 1057 3643 credas
1069 3588 1208 3642 Isindium
1218 3587 1341 3658 aliquem

192 3663 302 3734 (Steph.
325 3665 357 3718 B.
373 3661 496 3731 Ἶσινδος,
516 3665 592 3718 πόλις
613 3662 717 3717 Ἰωνίας.
752 3665 767 3714 ὁ
788 3663 897 3728 πολίτης
914 3659 1043 3728 Ἰσίνδιος,
1063 3659 1098 3713 cs.
1121 3676 1143 3712 s.
1156 3676 1182 3712 u.
1197 3654 1343 3726 Ἀμβλαδα

191 3742 219 3788 et
232 3734 329 3803 Σινὸία)
342 3733 484 3804 hospitem
496 3735 637 3790 Aethalon
655 3734 700 3788 uel
713 3733 829 3788 Attalon
842 3730 981 3786 occidisse
992 3749 1000 3796 ;
1024 3727 1102 3784 cuius
1120 3727 1187 3784 lacti
1200 3744 1341 3782 memores

193 3805 278 3858 Ionas
307 3822 325 3860 a
353 3804 426 3858 festo
457 3803 658 3860 Panioniorum
691 3803 813 3858 Isindios
844 3801 976 3857 arcuisse.
1026 3798 1165 3854 Panionia
1193 3798 1342 3853 Strabonis

191 3885 285 3930 aetate
301 3875 429 3929 nondum
446 3875 545 3930 haberi
558 3875 700 3930 desierant
714 3876 773 3943 384,
787 3875 859 3942 639:
882 3873 915 3927 cs.
931 3870 1059 3926 Philostr.
1073 3869 1132 3926 Vit.
1143 3870 1275 3938 Apollon.
1292 3883 1341 3936 143

191 3962 219 4026 p.
232 3945 267 4000 66
281 3948 400 4015 Kayser.
542 3949 611 4013 02³,
623 3948 653 4001 4.
667 3945 795 4001 Historia
809 3963 844 3999 ex
857 3942 981 4012 Odyssia
999 3951 1120 4012 sumpta,
1133 3940 1233 3995 leuiter
1244 3947 1342 3994 tamen

191 4027 354 4072 immutata:
373 4033 489 4082 parens
502 4016 577 4072 enim
590 4015 636 4070 hic
649 4026 692 4071 est
705 4014 819 4086 quaein
833 4014 958 4084 Odyssia
970 4015 1081 4068 μυίης.
1149 4014 1218 4066 623.
1235 4013 1342 4075 thue

191 4087 323 4157 Vlyssem
341 4091 481 4143 tenebris
501 4091 652 4143 latentem
673 4104 693 4142 a
713 4090 896 4142 Melanthea
912 4088 1006 4140 oaede
1027 4092 1238 4138 conuertentem
1259 4099 1290 4135 se
1312 4080 1340 4134 in

191 4157 383 4213 obscuriorem
407 4168 518 4229 partem
541 4158 604 4214 atrii
629 4176 673 4227 ne,
698 4157 722 4212 si
747 4157 859 4228 agnitus
883 4155 991 4224 fuisset,
1015 4153 1216 4223 intelligeretur
1237 4151 1341 4207 caedes

191 4245 278 4298 quam
292 4229 451 4284 Melanthio
465 4229 592 4300 parabat,
610 4233 682 4294 ipsa
698 4245 813 4294 parens
829 4227 960 4282 Anticlea
978 4228 1118 4291 prodidit
1130 4223 1265 4279 indicauit
1279 4222 1342 4293 quis

192 4310 267 4354 esset
289 4303 391 4354 offioio
411 4304 543 4355 luminis
565 4317 628 4354 curn
650 4299 705 4354 soci
726 4299 832 4354 lumine
854 4297 1015 4352 cicatricem
1037 4294 1162 4350 uidisset.
1269 4295 1341 4348 623.

191 4373 382 4426 Melanthea.
420 4371 594 4426 Melanthius
618 4370 678 4425 siue
706 4371 886 4425 Melantheus
909 4368 975 4438 (od.
997 4367 1061 4422 xvii.
1081 4381 1132 4420 212
1157 4365 1211 4420 υίὸς
1235 4364 1342 4418 Δολίοιο

192 4441 352 4510 Μελανθεύς)
371 4441 515 4512 caprarius
534 4441 644 4512 Vlyssis
666 4458 750 4511 quern
772 4458 836 4494 cum
857 4438 966 4494 ancillis
986 4438 1143 4508 Penelopes
1161 4436 1278 4505 Vlysses
1300 4435 1342 4488 in·

191 4512 301 4567 tersecit
324 4513 378 4568 Od.
398 4513 461 4567 xxii.
481 4526 542 4579 474.
613 4515 760 4581 tenebris,
778 4529 845 4565 nam
863 4520 893 4565 ut
911 4511 975 4564 foco
992 4508 1141 4563 adsidebat
1160 4508 1286 4576 Vlysses,
1303 4505 1347 4572 ad¹

191 4585 324 4642 tenebras
343 4601 375 4642 se
393 4585 540 4655 conuertit,
559 4601 595 4640 ne
612 4593 812 4654 agnosceretur
828 4580 959 4638 cicatrice
976 4581 1044 4636 durn
1061 4597 1078 4636 a
1096 4579 1204 4635 nutrice
1223 4578 1343 4635 lauatun
