3294 5214
612 461 937 525 PROLEGOMENA.
1290 458 1349 520 lxiii

194 647 283 706 Mure
308 646 456 705 britonium
484 645 522 704 de
546 644 613 718 1r03
646 645 697 706 sed
725 664 785 705 non
814 645 881 706 hinc
909 645 1038 723 sequitur
1066 643 1198 703 scholion
1223 643 1349 720 septimo

195 731 317 788 demum
331 729 378 787 uel
392 737 499 787 octauo
515 727 631 787 saeculo
646 728 785 804 scriptum
799 728 895 800 luisse,
905 746 972 786 cum
984 727 1122 786 binomius
1136 724 1215 803 apud
1224 723 1348 784 Paulum

194 812 318 887 legatur,
332 829 361 887 p.
379 812 416 884 3⁶
432 809 546 880 Muller,
560 809 614 869 etsi
633 808 670 867 ad
690 827 752 868 rem
767 809 960 869 decidendam
975 809 1053 868 Festi
1067 809 1156 867 uerba
1170 825 1233 865 non
1247 824 1348 882 super·

196 894 263 952 sint.
307 891 437 967 Suntque
463 902 559 950 cetera
583 891 687 950 similia
711 909 786 968 quae
811 891 920 963 attulit;
951 900 1018 949 ante
1041 888 1189 949 saeculum
1214 888 1348 965 quintum

196 974 284 1033 scribi
299 974 348 1030 uix
364 982 512 1049 poterant;
533 972 585 1030 sed
599 972 756 1032 fluctuante
771 983 839 1050 post
854 991 914 1046 300
923 991 981 1030 nn.
990 989 1046 1031 usu
1059 971 1146 1030 latine
1161 969 1349 1029 scribentium

196 1055 289 1114 multa
312 1055 372 1114 iam
395 1064 459 1113 tum
483 1054 662 1130 usurpabant
686 1071 761 1130 quae
786 1054 957 1130 plerumque
985 1053 1085 1112 seriori
1110 1051 1227 1111 saeculo
1250 1049 1348 1126 adsig-

196 1147 312 1195 nantur.
356 1135 414 1194 Sed
435 1145 534 1193 tamen
556 1135 615 1194 duo
637 1145 704 1194 sunt
723 1153 798 1212 quae
818 1136 842 1194 si
861 1137 892 1193 in
912 1135 1028 1194 scholiis
1045 1142 1127 1192 erant
1141 1151 1200 1211 quo
1215 1142 1349 1207 tempore

197 1219 325 1294 primum
340 1227 483 1293 concepta
497 1227 572 1288 sunt,
587 1216 819 1276 recentissimum
834 1226 982 1275 auctorem
1001 1215 1125 1293 prodere
1144 1233 1205 1274 non
1223 1213 1348 1271 infitior:

198 1297 244 1377 (ι)
266 1300 340 1375 quod
358 1317 412 1374 pro
433 1305 472 1369 ul,
496 1295 541 1376 (a)
562 1299 619 1358 sibi
636 1317 664 1356 se
684 1317 738 1374 pro
758 1299 786 1355 ei
803 1317 862 1356 eum
884 1299 922 1357 eis
941 1317 990 1356 eos.
1033 1297 1073 1356 At
1093 1297 1166 1356 haec
1187 1296 1216 1354 in
1238 1295 1264 1355 C
1286 1292 1349 1353 Ask

198 1379 404 1440 tantummodo
425 1392 565 1456 perpetua
585 1390 671 1439 sunt:
693 1381 724 1438 in
739 1379 793 1439 GP
807 1381 897 1438 rarius
916 1388 1072 1438 occurrunt
1079 1397 1088 1451 ;
1111 1387 1247 1455 poterant
1263 1376 1350 1454 igitur

199 1463 304 1522 abesse
319 1462 483 1537 antiquitus,
498 1471 566 1537 post
585 1462 731 1522 inuectam
753 1461 880 1520 sermoni
901 1461 1063 1519 barbariem
1080 1459 1201 1536 ingredi.
1243 1456 1351 1534 Neque
1380 1523 1383 1530 ¹

199 1562 271 1604 uero
287 1543 423 1603 clericum
438 1543 508 1600 mihi
522 1542 682 1614 Ehualdus‚
697 1560 793 1620 neque
807 1543 839 1601 in
854 1540 949 1600 Gallia
962 1542 1035 1601 haec
1049 1550 1184 1600 enotasse
1198 1539 1349 1617 persuasit.

242 1625 317 1684 Mihi
330 1634 425 1683 totum
440 1642 548 1700 corpus
569 1623 746 1684 scholiorum
767 1624 895 1700 exigenti
915 1624 985 1683 nihil
1007 1623 1215 1699 significantius
1236 1621 1351 1680 uidetur

200 1725 290 1783 quam
313 1706 393 1782 quod
414 1706 452 1764 ad
476 1720 532 1780 259
554 1705 671 1781 regulus
692 1705 860 1764 Gothorum
881 1705 983 1764 dicitur
1003 1707 1028 1764 is
1049 1704 1099 1781 qui
1120 1722 1220 1762 reuera
1243 1722 1294 1761 rex
1319 1704 1350 1761 in

201 1789 329 1848 Thracia
346 1787 404 1860 suit,
421 1787 566 1859 Phineus3
588 1805 684 1864 neque
702 1787 733 1846 id
752 1787 857 1857 solum,
872 1785 924 1845 sed
942 1796 970 1846 et
983 1804 1058 1846 uxor
1072 1786 1133 1845 eius
1148 1795 1176 1844 et
1191 1785 1241 1843 filii
1254 1784 1350 1862 Dory·

202 1870 264 1928 clus
278 1879 306 1929 et
320 1867 467 1944 Othryllus
482 1869 544 1928 siue
558 1868 733 1945 Oreithyius,
748 1867 912 1928 Gothorum
928 1878 960 1927 ut
980 1868 1094 1927 uidetur
1114 1867 1240 1944 acceptis
1255 1867 1351 1925 nomi-

201 1953 296 2022 nibus,
310 1951 379 2009 Affa
392 1946 509 2009 Dorilas
524 1950 637 2010 Totilas
651 1947 858 2027 appellantur*
903 1951 938 2009 Id
960 1968 1055 2026 neque
1075 1961 1143 2008 ante
1161 1949 1306 2009 admissos
1320 1949 1350 2005 in

151 2033 155 2039 ’
201 2033 360 2092 Thraciam
382 2031 498 2091 Gothos
522 2051 577 2091 nec
602 2041 670 2108 post
692 2032 888 2090 oblitteratum
910 2033 951 2090 ibi
972 2031 1138 2091 Gothorum
1159 2048 1270 2089 nomen
1290 2031 1350 2090 fieri

201 2116 304 2191 potuit.
350 2112 431 2173 Hinc
455 2114 587 2190 suspicor
610 2131 707 2190 neque
730 2123 797 2172 ante
821 2132 932 2172 annum
959 2114 1016 2188 376
1042 2132 1103 2172 mo.
1129 2130 1184 2171 nec
1209 2112 1258 2170 diu
1283 2121 1352 2188 post

202 2197 353 2255 Iustiniani
367 2204 492 2254 aetatem
507 2198 645 2268 482-541
663 2213 699 2252 ea
713 2195 834 2254 nomina
848 2195 966 2254 scholiis
984 2196 1101 2253 inuecta
1120 2195 1217 2253 fuisse.
1261 2192 1351 2266 Quod

201 2279 227 2336 si
241 2296 310 2336 uere
325 2277 441 2336 conicio
454 2277 513 2336 iam
527 2287 594 2336 ante
609 2277 639 2335 id
652 2285 768 2352 tempus
781 2278 918 2351 376-541
930 2285 1078 2353 supererat
1093 2277 1123 2334 in
1138 2276 1239 2336 codice
1254 2275 1352 2351 aliquo

202 2358 293 2417 Ibidis
307 2359 404 2417 breuis
418 2358 563 2434 quaedam
582 2357 734 2418 adnotatio
751 2377 847 2416 rerum
868 2359 1088 2434 nominumque,
1103 2359 1133 2416 in
1154 2375 1243 2435 quam
1262 2357 1351 2415 animi

204 2459 292 2499 causa
313 2439 360 2499 uel
381 2441 511 2499 notarius
530 2440 576 2498 uel
598 2439 753 2498 scholiasta
767 2451 850 2500 sexto
873 2439 921 2498 uel
942 2440 1067 2515 septimo
1088 2439 1214 2508 saecum,
1229 2438 1351 2497 fortasse

204 2522 267 2598 ipse
282 2521 398 2580 Gothus
417 2521 489 2580 sicut
504 2520 637 2580 Iordanis
653 2518 703 2598 (de
718 2521 814 2581 Getar.
830 2520 912 2598 Orig.
929 2520 986 2598 50),
1002 2521 1069 2581 ficta
1088 2521 1209 2580 nomina
1224 2519 1309 2579 simul
1324 2530 1353 2578 et

204 2604 326 2663 ficticios
344 2620 446 2662 uersus
461 2603 650 2679 interpolauit.
693 2603 839 2663 Clericum
858 2602 937 2661 hunc
952 2602 1041 2662 fuisse
1055 2602 1126 2661 nihil
1140 2601 1266 2672 indicat;
1296 2619 1352 2660 nee

204 2702 275 2744 sane
289 2703 360 2744 uero
375 2695 418 2744 est
432 2684 524 2743 simile
537 2684 671 2744 historias
690 2686 728 2744 ab
746 2682 912 2743 huiusmodi
931 2683 1052 2744 homine
1069 2683 1208 2759 confingi,
1223 2684 1353 2742 obscena

203 2766 342 2842 pleraque
363 2776 392 2824 et
412 2766 520 2842 pagani
541 2766 630 2825 moris
652 2766 868 2842 amplectentes.
911 2765 1023 2824 Versus
1050 2766 1211 2824 maximam
1239 2776 1352 2841 partem

204 2847 375 2907 crediderim
390 2849 428 2905 ab
441 2846 547 2906 eodem
562 2847 724 2918 confictos;
746 2847 887 2906 nonnulla
901 2847 948 2905 alii
962 2845 1110 2906 addidisse
1125 2847 1267 2918 uidentur,
1279 2845 1353 2905 sicut

203 2947 243 2988 ne
263 2929 397 2987 historias
419 2928 536 3005 quidem
557 2947 662 2988 omnes
683 2930 720 2988 ab
741 2947 801 2989 uno
822 2928 968 3005 proiectas
988 2925 1129 2988 arbitror:
1157 2946 1228 2987 nam
1247 2927 1353 2987 uitiatis
1391 2925 1393 2928 ’

204 3010 323 3068 demum
337 3010 506 3069 nominibus
520 3011 664 3086 leotrcpriio
679 3008 920 3087 Sardanapallus
936 3009 1046 3070 scholia
1059 3028 1197 3070 uersuum
1213 3024 1281 3085 512,
1295 3027 1351 3084 311

202 3092 291 3151 inlata
304 3101 380 3152 sunt.

238 3222 323 3268 *Non
340 3223 421 3269 desunt
438 3231 461 3270 et
478 3222 523 3270 alia
539 3223 634 3270 uomina
651 3237 711 3284 quae
727 3232 765 3270 aut
778 3221 910 3269 Gothorum
928 3230 980 3269 sunt
998 3230 1038 3268 aut
1055 3223 1078 3269 in
1090 3222 1224 3270 Gothorum
1237 3224 1355 3270 annalibus

203 3289 349 3350 proueniunt.
384 3289 538 3336 conferantur
548 3289 689 3350 Andugenes
706 3288 789 3348 (schol.
801 3289 861 3350 329)
874 3296 897 3334 et
915 3289 1018 3334 iordanis
1029 3288 1148 3352 Audagis,
1161 3289 1252 3336 Neocles
1270 3289 1355 3350 (schol.

205 3366 261 3414 313,
273 3353 333 3415 317)
350 3361 374 3400 et
394 3353 496 3400 Iordanis
512 3354 595 3402 Neodo
607 3355 654 3401 siue
670 3354 756 3403 Netod.
790 3355 826 3401 Sic
842 3353 948 3400 Asterius
964 3353 1054 3400 Darius
1071 3353 1252 3419 Andragatht'us
1270 3354 1353 3420 (schol.

204 3419 274 3484 ibid.)
287 3419 434 3467 inueniuntur
445 3434 482 3484 ap.
495 3420 588 3468 Gibhou
600 3419 632 3469 iii.
649 3435 673 3484 p.
689 3431 744 3483 209,
757 3431 812 3481 213,
831 3419 854 3468 ii.
871 3433 894 3482 p.
906 3430 955 3483 513
967 3419 1003 3466 ed.
1016 3418 1125 3468 Milman.
