3312 5200
582 440 930 504 COMMENTARIVS.
1276 444 1335 504 129

178 580 204 636 δ’
216 582 245 638 ἐν
256 573 346 654 δόμοις
357 584 427 655 εὕροι
439 589 527 656 μολὼν
539 588 575 642 de
589 590 822 660 Clytaemnestra
892 591 960 644 354.
980 591 1069 644 'I'elal
1081 604 1183 655 genu.
1215 588 1334 660 Amphi·

179 670 273 723 araus,
294 656 339 710 uir
360 657 523 727 Eriphylae,
546 659 620 714 filiae
642 660 722 715 Talai
747 660 822 728 regis
844 660 1021 729 Argiuorum.
1059 660 1189 730 Apollod
1209 659 1227 716 i.
1246 675 1271 729 9
1294 676 1333 730 13.

177 728 338 790 Tyndarei
352 744 448 794 gener
459 731 666 799 Agamemnon,
678 731 723 785 uir
736 733 986 800 Clytaemnestrae.
1057 733 1126 786 355.
1141 731 1222 786 Idem
1234 748 1334 786 uersus

177 797 212 850 Α.
227 800 261 852 Α.
276 797 293 852 i.
308 811 350 866 73.
387 804 585 865 patruelibus
597 801 661 855 filiis
673 801 803 871 Aegypti.
837 803 877 856 M.
892 801 926 856 iv.
940 802 992 868 462
1005 802 1163 872 Molirique
1174 803 1234 856 suis
1246 803 1334 857 letum

172 869 355 935 patruelibus
366 888 452 924 ausae
462 872 586 926 Assidue
596 876 733 942 repetunt,
746 889 819 943 quas
825 873 957 942 perdant,
970 873 1081 927 Belides
1093 873 1191 927 undas.
1263 877 1332 930 356.

176 941 309 992 assidua
326 957 416 1009 aqua,
434 941 487 1012 ‘by
499 952 630 996 constant
649 942 775 1012 carriage
793 943 826 997 os
840 945 942 1010 water,'
954 959 1058 1012 aquam
1077 941 1190 998 assidue
1207 943 1334 1012 ferendo,

177 1024 244 1060 cum
265 1009 363 1065 foratis
385 1011 461 1066 urnis
481 1029 595 1082 semper
614 1023 703 1068 exeat.
784 1017 852 1068 357.
871 1016 1030 1079 Byblidos.
1069 1015 1145 1083 Hyg.
1164 1028 1215 1081 243
1235 1015 1335 1083 Byblis

176 1078 281 1132 Mileti
286 1081 356 1150 filia
369 1086 491 1152 propter
506 1100 629 1138 amorem
643 1083 855 1154 Caunifratm's
873 1086 936 1154 ipsa
952 1101 981 1138 se
992 1085 1139 1208 t‘nteffia't.
1177 1083 1267 1154 M.ix.
1280 1099 1334 1154 449

176 1164 239 1218 sqq.
261 1151 393 1206 Parthen.
408 1153 534 1208 Erot.·xi.
572 1157 718 1209 Canaces.
751 1156 826 1223 Hyg.
840 1170 892 1223 243
912 1156 1020 1209 Canace
1067 1156 1200 1224 eolifilia
1213 1159 1336 1225 propter

176 1237 302 1274 amorem
319 1223 451 1277 Macarei
463 1223 574 1294 fratris
591 1227 654 1295 ipsa
677 1243 706 1279 se
726 1226 871 1296 interficit.
921 1227 974 1280 Est
999 1225 1072 1279 inter
1092 1225 1234 1280 Heroidas
1259 1225 1332 1295 epis·

176 1290 237 1343 tula
255 1292 383 1348 Canaces
402 1296 537 1349 Macareo
553 1295 611 1363 (xi).
643 1299 731 1351 ,siout
748 1299 835 1350 fecis.
862 1297 902 1349 M.
915 1295 971 1350 xiii.
985 1309 1033 1362 741
1055 1297 1142 1366 thue
1150 1297 1237 1364 faces,
1251 1300 1332 1366 potes

175 1359 343 1441 besinpune
354 1381 464 1435 negare.
492 1367 573 1422 Pont.
583 1365 610 1420 ii.
622 1381 646 1433 3.
656 1368 691 1433 48
705 1367 792 1435 thue
794 1368 881 1434 fact's,
891 1367 970 1436 lapso
979 1383 1065 1436 quam
1073 1371 1154 1436 potes
1162 1368 1234 1436 affer
1244 1371 1331 1436 opem.

175 1431 316 1487 Vsrtatius
326 1435 424 1490 fuisset
433 1437 591 1506 sicutfaeit,
602 1447 737 1506 sequente
747 1438 854 1504 ardeat,
863 1447 893 1490 ut
903 1437 1000 1490 M.xiv.
1006 1451 1055 1505 491
1071 1438 1235 1507 quodfacit,
1242 1439 1334 1492 oderit

175 1517 271 1582 omnes
280 1505 341 1559 Sub
352 1507 487 1561 Diomede
499 1509 585 1562 uiros.
623 1509 689 1560 Non
702 1507 859 1576 adstipulor
873 1507 1011 1561 Merkelio
1024 1510 1103 1562 iaoie
1115 1507 1271 1575 genitiuum
1285 1527 1331 1562 ex-

175 1574 323 1629 istrmanti.
395 1581 464 1636 358.
479 1582 521 1632 sii
536 1581 597 1632 tibi
609 1579 674 1632 fida
685 1577 841 1632 satisfaciat
854 1577 942 1632 amori
956 1594 1040 1647 quem
1053 1595 1133 1632 soror
1145 1577 1221 1632 lratri
1236 1579 1330 1647 debet,

175 1642 253 1696 ‘and
269 1663 356 1715 prove
375 1648 436 1703 that
455 1649 506 1702 she
524 1648 548 1702 is
566 1658 631 1705 true.
646 1658 676 1702 to
694 1649 742 1703 the
759 1649 822 1702 love
839 1649 890 1702 she
909 1665 983 1703 owes
1002 1666 1057 1717 you
1076 1666 1108 1702 as
1127 1665 1145 1703 a
1163 1648 1245 1702 sister
1263 1650 1331 1718 only

174 1713 215 1781 by
233 1731 251 1768 a
270 1715 374 1772 crime'
443 1721 508 1773 fido.
526 1718 667 1774 ‘caritatis
689 1735 778 1788 aeque
800 1729 993 1788 cognatorum,
1013 1735 1098 1790 quam
1117 1719 1330 1774 consuetudinis

175 1787 334 1841 amantium
347 1788 498 1857 appellatio
512 1799 562 1843 est.
590 1791 657 1843 Her.
669 1805 693 1856 4.
706 1805 774 1856 1403
795 1802 816 1858 5.
829 1791 880 1858 99!
905 1789 1069 1844 MerkeliuS.
1092 1789 1193 1844 Fidem
1206 1806 1287 1843 suam
1300 1791 1330 1844 in

176 1859 307 1942 Caunum
318 1859 416 1941 Byblis
426 1859 573 1928 praestitit,
582 1860 650 1913 dum
655 1863 786 1941 patrtbm
796 1862 957 1929 enuzsosque
960 1864 1094 1930 parentes
1100 1861 1221 1942 Deserit,
1229 1866 1256 1914 et
1261 1865 1330 1944 pro:

164 1929 646 2082 {instititttlttitli
660 1931 1329 2071 llll.it?istil²2⁶..lttltt‘til2lzlss

174 2069 356 2124 dilaniandus
366 2070 492 2126 traditur.
505 2073 574 2127 Her.
583 2090 618 2126 xi.
686 2074 755 2126 353.
766 2075 909 2136 Pelopea.
933 2071 1097 2126 Lactantius
1107 2072 1144 2126 ad
1155 2074 1226 2127 Stat.
1237 2073 1328 2130 Theb.

173 2140 191 2195 i.
205 2141 259 2210 694
273 2142 297 2195 C
295 2159 344 2194 um
356 2146 520 2211 responsum
532 2144 678 2212 accepisset
690 2143 820 2211 Thyestes
831 2145 918 2196 aliter
929 2143 1069 2196 malorum
1081 2144 1235 2196 remedium
1248 2145 1329 2197 inue-

173 2213 238 2265 niri
247 2228 304 2265 non
312 2216 401 2281 posse,
414 2214 474 2266 nisi
483 2230 546 2266 cum
555 2214 676 2283 Pelopea
682 2215 752 2284 filia
766 2214 961 2281 concubuisset,
969 2215 1168 2283 paruissetque
1180 2216 1328 2283 responsis,

172 2289 261 2336 natus
268 2289 310 2336 est
317 2301 355 2336 ex
360 2301 393 2337 ea
399 2283 427 2336 A
430 2283 555 2354 egistius
564 2285 588 2339 C
586 2285 798 2353 lyraemaesrrae
810 2285 930 2351 adulter,
939 2284 1163 2355 Agamemnonis
1169 2285 1327 2353 parricida

174 2353 321 2408 Incestum
334 2353 439 2423 duplici
451 2354 539 2408 modo
551 2364 646 2409 narrat
661 2354 793 2424 Hyginus
806 2356 839 2420 87
853 2364 881 2409 et
894 2355 935 2408 88.
1041 2357 1110 2408 360.
1129 2357 1326 2419 Nyctimene.

173 2424 251 2493 Hyg.
265 2439 317 2490 204
330 2426 494 2493 Nyctimene
504 2426 617 2495 Epopei
632 2427 708 2496 regis
721 2426 883 2479 Lesbiorum
903 2426 986 2494 uirgo
995 2424 1206 2492 famosissima
1220 2426 1331 2479 dicitur

162 2495 265 2564 fuisse.
279 2495 354 2548 banc
363 2496 498 2565 Epopeus
508 2500 596 2566 pater
605 2513 700 2549 amore
711 2498 840 2550 incensus
850 2496 1029 2564 compressit:
1046 2511 1118 2564 quae
1128 2495 1240 2565 pudore
1251 2501 1328 2550 tacta

171 2565 257 2619 siluis
269 2566 467 2621 occultabatur.
527 2568 590 2621 331.
601 2570 706 2631 ospiti
729 2565 807 2620 Lusit
817 2566 846 2621 in
855 2564 987 2634 ambiguo
995 2582 1081 2620 sensu
1089 2565 1227 2620 uocabuli.
1248 2568 1326 2622 Nam

172 2634 201 2688 in
214 2638 318 2705 capitis
330 2635 407 2690 crine
420 2636 497 2691 stetit
510 2641 597 2701 caput
607 2638 653 2691 uel
666 2638 743 2691 salus
757 2636 877 2691 Pterelai
891 2653 924 2690 ac
938 2635 1011 2691 Nisi.
1095 2638 1163 2690 862.
1183 2639 1327 2692 Pterelae

171 2706 247 2776 regis
261 2707 436 2776 Taphiorum
453 2707 513 2762 siue
528 2709 725 2776 Teleboarum‚
743 2724 827 2777 quem
845 2706 902 2760 filia
920 2707 1085 2776 Comaetho,
1102 2706 1223 2761 detonso
1239 2725 1326 2763 aureo

171 2776 250 2831 crine
268 2794 319 2846 per
337 2794 421 2848 quem
440 2778 606 2833 immortalis
623 2778 714 2832 iactus
731 2788 783 2846 est,
796 2777 908 2846 occidit,
921 2794 1018 2832 amore
1034 2775 1151 2832 incensa
1163 2777 1326 2848 Amphitry-

171 2847 235 2902 onis
248 2857 305 2916 aut,
318 2858 349 2903 ut
361 2847 408 2902 alii
422 2849 544 2918 tradunt,
560 2848 686 2918 Cephali.
700 2851 789 2903 Tzetz.
803 2849 840 2902 ad
854 2850 920 2917 Lyc.
934 2863 994 2918 932.
1024 2849 1109 2903 Hanc
1126 2864 1238 2902 comam
1250 2848 1326 2915 αἷθὴν

170 2917 259 2973 luisse
277 2928 397 2974 testatur
415 2919 581 2974 Eustathius
601 2919 638 2973 ad
659 2920 692 2974 ll.
707 2918 725 2972 i.
742 2932 789 2988 197
805 2917 932 2988 (Potter).
972 2918 1102 2988 Apollod
1117 2918 1143 2973 ii.
1157 2934 1182 2985 4.
1197 2931 1212 2984 7
1227 2918 1325 3006 Ἀμφι-

170 2985 255 3057 τρύων
266 2990 334 3058 ἔχων
345 2989 374 3043 ἐκ
389 2994 501 3059 θορικοῦ
514 2992 560 3058 τῆς
570 2989 687 3057 Ἀττικῆι·
699 2990 823 3058 Κέφαλον
835 2993 1039 3058 συμμαχοῦντα.
1053 3030 1060 3043 .
1076 2990 1141 3044 ,τάς
1157 2994 1207 3043 τῶν
1218 2991 1326 3058 Ταφιων

170 3058 266 3126 νῆσουτ
284 3059 396 3130 ἐπόρθει.
426 3060 488 3130 άχρι
506 3065 553 3130 μὲν
567 3058 612 3114 οὖν
624 3061 666 3127 ἔζη
679 3067 732 3114 Πτε
751 3060 836 3126 ε’λαοτ,
848 3061 893 3113 οὐκ
910 3056 1017 3113 ε’δῦνατο
1035 3059 1081 3128 τῆν
1093 3061 1182 3128 Τάφον
1194 3060 1271 3114 ἑλεῖν
1290 3061 1325 3118 ὣς

170 3129 198 3182 δὲ
211 3129 226 3196 ῆ
236 3130 386 3199 Πτερελάου
399 3131 513 3201 θυγάτηρ
524 3131 644 3200 Κομαιθὼ
657 3081 800 3200 ε’ρασάῆῖσα
811 3129 1006 3201 Ἀμφιτρύωνος
1018 3129 1063 3198 τῆν
1074 3132 1177 3200 χρυσῆν
1187 3131 1265 3200 τρίχα
1276 3136 1325 3185 τοῦ

168 3202 266 3270 πατρὸς
278 3201 307 3255 ἐκ
318 3204 363 3269 τῆς
375 3203 489 3270 κεφαλῆς
501 3201 624 3268 ἐξείλετο,
634 3201 783 3269 Πτερελάου
792 3200 994 3269 τελευτήσαντος
1006 3199 1164 3271 ε’χειρώσατο
1173 3202 1219 3255 τὰς
1228 3199 1325 3269 νῆσους

168 3269 279 3328 ἁπάσας.
318 3273 404 3326 Hunc
417 3273 558 3327 Pterelam
575 3282 658 3328 uocat
672 3273 787 3325 Plautus
800 3271 925 3341 Amphit.
939 3271 957 3326 i.
974 3287 1069 3326 1.101.
1141 3275 1219 3326 Nise
1238 3289 1323 3342 quem

169 3341 227 3396 filia
239 3359 292 3397 sua
305 3343 386 3412 Prop.
401 3342 438 3397 iii.
449 3342 507 3412 (iv.)
520 3358 560 3413 19.
569 3358 612 3411 21,
620 3358 653 3395 22
667 3343 771 3396 Minoa
783 3344 956 3396 uenumdata
968 3343 992 3396 S
1022 3342 1178 3413 ltafigura
1195 3344 1324 3398 Tondens

163 3415 316 3483 purpurea
340 3429 428 3485 regna
447 3418 572 3484 paterna
595 3430 681 3480 coma,
707 3412 855 3481 interiecit,
876 3424 906 3467 ut
931 3412 960 3467 in
1011 3412 1043 3466 iri
1068 3412 1232 3481 Vergiliana
1256 3431 1323 3468 nar·

168 3492 260 3537 ratum
274 3493 325 3539 est.
456 3488 524 3538 363.
544 3487 767 3548 Infamemque.
803 3485 894 3538 Varro
908 3485 939 3538 L.
951 3484 981 3538 L.
992 3501 1016 3537 v.
1031 3496 1081 3551 159
1092 3484 1230 3554 Esquilis
1241 3487 1324 3538 ut‘cus

167 3553 347 3623 Africus...
364 3555 447 3608 Vz‘cus
466 3556 588 3625 Cyprius
608 3572 628 3608 a
650 3555 801 3624 Cypro...
815 3555 908 3623 Prope
924 3553 1001 3607 bunc
1020 3553 1113 3608 uicus
1139 3555 1322 3610 sceleratus

165 3624 261 3680 dietus
278 3643 298 3679 a
320 3625 348 3678 Τ
344 3627 419 3679 ullr'a
442 3627 586 3695 Tarquini
602 3625 726 3694 Superbi
748 3641 837 3679 uxore
856 3624 934 3694 quod
954 3624 996 3677 ibi
1014 3640 1098 3693 quom
1119 3625 1221 3678 iaceret
1235 3629 1324 3694 pater

166 3697 279 3764 occasus,
297 3700 387 3765 supra
405 3713 469 3750 eum
486 3700 651 3766 carpentum
669 3696 758 3748 mulio
777 3700 811 3749 ut
828 3697 949 3764 inigeret
962 3695 1047 3748 iussit
1065 3694 1164 3763 (Paley
1181 3695 1218 3748 ad
1237 3696 1267 3749 F.
1283 3695 1322 3754 vi.

167 3764 240 3835 609).
279 3767 352 3821 Rem
369 3776 484 3821 narrant
498 3765 557 3821 Liu.
572 3766 588 3821 i.
603 3767 646 3833 48,
661 3765 744 3821 Ouid.
759 3767 790 3821 F.
805 3764 841 3820 vi.
856 3764 985 3834 587-610.
1083 3767 1152 3819 364.
1171 3767 1319 3820 induetis

167 3837 198 3891 F.
219 3835 256 3891 vi.
274 3837 327 3892 608
345 3838 418 3905 Duc,
436 3839 564 3906 inquam,
582 3838 692 3891 inuitas
715 3838 779 3906 ipsa
797 3839 854 3906 per
875 3852 927 3888 ora
945 3840 1031 3903 rotas,
1051 3851 1123 3904 quae
1147 3835 1235 3889 uerba
1254 3845 1320 3892 sunt

166 3906 277 3962 Tulliae
295 3906 423 3976 aurigam
441 3907 592 3964 incitantis.
664 3910 744 3962 rotis
756 3905 891 3976 carpenti,
903 3905 932 3960 in
946 3923 1002 3976 quo
1014 3905 1144 3960 uehiculo
1157 3905 1320 3974 conspirant

165 3977 493 4033 VarroLiuiusOuidius.
561 3981 710 4033 865-870.
725 3979 799 4046 Hyg.
809 3977 1124 4043 840enomausMartis
1133 3980 1161 4030 et
1168 3976 1321 4046 Asteropes

165 4048 297 4102 Atlantis
307 4049 391 4118 filiae
400 4049 486 4118 filim
503 4047 603 4103 babuit
619 4050 651 4102 in
669 4049 799 4118 coniugio
815 4049 961 4102 Euareten
973 4047 1085 4102 Acrisii
1092 4048 1198 4117 filtbm,
1211 4064 1247 4100 ex
1261 4064 1320 4116 qua

160 4121 327 4188 procreauit
347 4119 573 4189 Hippodamiam
598 4121 739 4190 uirginem
762 4120 883 4172 em’miae
896 4119 1019 4188 somnae,
1043 4135 1130 4188 quam
1153 4117 1232 4171 nulli
1257 4119 1320 4172 sileo

163 4189 250 4243 dabat
266 4190 299 4243 in
316 4191 480 4260 coniugium
497 4190 576 4260 quod
589 4190 645 4243 sibi
660 4193 823 4259 responsum
831 4189 899 4260 fuit
915 4207 934 4242 a
946 4205 1051 4259 genero
1067 4193 1183 4241 mortem
1199 4193 1317 4244 caueret.

163 4259 261 4329 itaque
271 4277 335 4314 cum
346 4261 503 4331 complures
513 4277 575 4314 eam
582 4264 711 4330 peterent
720 4261 753 4314 in
765 4260 936 4330 com'ugium,
943 4259 1116 4314 simultatem
1128 4260 1282 4327 constituit,
1290 4275 1320 4313 se

163 4331 192 4384 ei
200 4331 339 4385 daturum
351 4333 404 4400 qui
413 4348 504 4385 secum
517 4331 667 4402 quadm'gis
678 4336 809 4385 certasset
820 4333 964 4399 uictorque
977 4331 1077 4384 exisset
1089 4330 1177 4398 (quod
1191 4330 1217 4382 is
1234 4347 1318 4398 equos

163 4401 309 4470 Aquilone
320 4402 469 4456 uelociores
479 4401 589 4470 babuit)
602 4404 695 4456 uictus
707 4407 800 4456 autem
813 4402 1023 4470 interficeretur.
1053 4401 1153 4454 multis
1164 4400 1318 4469 interfectis

162 4473 315 4526 nouissime
326 4473 428 4542 Pelops
443 4473 563 4526 Tantali
570 4473 656 4542 filius
671 4489 735 4528 cum
750 4474 871 4526 uene'sset
887 4476 916 4526 et
932 4471 1045 4540 capita
1060 4471 1201 4525 humana
1218 4488 1318 4540 super

163 4543 279 4600 ualuas
298 4543 360 4601 fixa
377 4541 520 4601 uidisset
538 4559 650 4601 eorum
672 4541 727 4615 qui
748 4541 1009 4614 Hippodamiam
1028 4541 1062 4598 in
1081 4557 1215 4600 uxorem
1235 4541 1320 4614 peti«

732 4633 753 4676 K
764 4665 766 4669 .
