3294 5214
606 471 936 554 ruouaoonnul.
1272 514 1350 556 xxxv

194 651 261 710 Ibin
275 651 424 727 scripsisse
439 648 650 710 Callimachum
670 666 732 707 non
746 650 840 725 magis
861 649 930 708 hinc
952 650 1119 725 collegerim
1139 668 1228 726 quam
1243 670 1343 714 uersus

193 735 275 810 ipsos
289 751 325 791 ex
340 730 456 791 Graeco
471 740 559 808 poeta
573 731 676 790 ductos
690 731 736 788 uel
750 749 904 807 expressos
918 749 999 790 esse:
1029 749 1099 789 nam
1112 732 1193 809 ipsae
1207 732 1343 793 historiae

194 833 271 891 quae
285 816 315 873 in
329 813 448 873 scholiis
461 813 595 889 leguntur
608 829 669 870 non
683 830 749 871 raro
764 812 886 871 ficticiae
901 823 975 872 sunt.

235 895 306 954 Non
327 895 414 971 igitur
426 893 539 964 iacebit,
555 912 603 952 me
622 893 723 966 iudice,
738 894 898 953 inueterata
917 895 976 952 iarn
995 893 1032 954 de
1047 893 1244 955 Callimachea
1258 896 1341 957 Ibide

193 977 304 1054 opinio.
336 975 435 1036 Fuerit
442 971 571 1052 ‘exiguus
585 975 704 1046 libellus,
720 984 749 1033 et
763 975 856 1034 multo
870 976 967 1034 minor
982 975 1127 1036 Ouidiana
1135 995 1143 1048 ;
1166 987 1195 1037 at
1208 976 1342 1038 historias

193 1057 295 1118 habuit
311 1068 340 1116 et
358 1058 572 1134 inprecationes
585 1056 857 1126 aniculae-modo
876 1067 953 1116 recte
973 1057 1143 1135 interpretes
1157 1058 1194 1117 de
1209 1077 1257 1118 uu.
1273 1078 1342 1134 449,

195 1158 255 1215 450
269 1140 509 1210 iudicarint-et,
524 1137 604 1216 quod
625 1155 662 1196 ex
677 1137 767 1196 Suida
788 1137 939 1214 colligitur,
960 1139 1050 1216 ipsius
1068 1139 1227 1216 Apollonii.
1270 1139 1343 1218 Epi-

192 1240 326 1296 gramma
350 1238 412 1279 non
435 1219 497 1292 fuit,
518 1218 639 1278 fortasse
660 1238 697 1278 ne
718 1219 848 1294 elegiaco
869 1220 990 1297 quidem
1013 1232 1106 1281 metro
1127 1222 1265 1300 scriptum
1288 1233 1340 1296 est,

193 1305 246 1363 sed
260 1304 298 1362 ad
312 1303 479 1380 exemplum
494 1301 632 1361 Dirarum
646 1318 721 1377 quae
736 1299 843 1360 Catoni
857 1301 1057 1378 adsignantur.

733 1574 807 1646 lll.

234 1767 270 1825 In
284 1767 350 1826 Ibin
369 1767 519 1827 uolucrem
533 1763 606 1845 (duo
623 1783 732 1842 genera
750 1765 928 1824 tradiderunt
943 1765 1061 1841 antiqui,
1077 1765 1195 1843 nigrum
1210 1767 1339 1841 alterum,

192 1848 314 1908 alterurn
328 1849 486 1909 candidum
503 1849 558 1907 nisi
573 1847 654 1924 quod
672 1847 767 1922 nigrat
785 1846 881 1923 aliqua
895 1858 986 1924 parte,
1000 1859 1032 1905 ut
1047 1848 1141 1924 capite
1154 1848 1231 1908 collo
1246 1861 1341 1910 extre·

192 1931 339 1990 mitatibus
353 1932 509 2007 pinnamm
526 1948 561 1989 ac
578 1928 658 2006 tergi,
673 1927 785 1987 Herod.
800 1928 828 1987 ii.
846 1931 892 2003 76,
913 1929 1001 1988 Arist.
1016 1928 1056 1986 H.
1071 1929 1107 1987 A.
1123 1929 1162 1988 ix.
1180 1949 1246 2007 103,
1266 1931 1339 1993 Plin.

192 2031 221 2070 x.
237 2011 288 2091 87)
302 2013 373 2089 quid
388 2010 583 2071 Callimachus
596 2010 763 2086 inprecatus
777 2009 812 2070 sit
827 2010 994 2070 coniectura
1011 2020 1125 2070 tanturn
1142 2022 1195 2072 est.
1238 2012 1340 2073 Vnum

191 2094 296 2169 poterit
309 2113 346 2152 ex
362 2092 470 2153 Ouidio
486 2093 591 2168 colligi.
633 2092 677 2150 Ib.
693 2110 752 2165 449

298 2178 307 2193 ‘
395 2174 433 2233 Et
454 2176 560 2250 quihus
581 2174 688 2249 exiguo
709 2173 835 2232 uolucris
857 2173 965 2232 deuota
985 2173 1082 2233 libello
1104 2184 1156 2245 est,

437 2255 571 2331 Corpora
591 2255 720 2330 proiecta
741 2273 816 2331 quae
837 2273 890 2313 sua
910 2267 1015 2331 purgat
1036 2273 1120 2332 aqua,

191 2338 229 2396 ad
253 2355 329 2414 quae
352 2337 448 2396 Schol.
469 2337 618 2397 Galeanus
642 2334 813 2395 Callz'macur
824 2338 901 2415 seed
919 2339 949 2394 in
970 2338 1111 2412 quemdam
1133 2339 1275 2398 thalarium
1296 2340 1340 2397 ιἰι-
1435 2374 1438 2378 ·

190 2423 329 2488 meternes,
340 2421 419 2476 curas
433 2420 600 2497 namenjuz'l
611 2418 664 2476 r'bz's
676 2419 694 2476 ι’.
709 2418 848 2475 Ιιιταιιιιια
861 2437 930 2492 quae
942 2438 970 2476 se
983 2425 1075 2476 rostro
1086 2421 1206 2497 refertas
1213 2428 1339 2497 purgat:

190 2501 377 2560 Askeuianus
400 2499 572 2560 Callr'macus
593 2501 624 2556 ιἰι
645 2499 772 2556 airardum
793 2500 912 2558 scrz'bens
929 2510 984 2574 pro
1004 2501 1063 2557 eries
1083 2501 1259 2559 zinmuaddza
1279 2521 1339 2560 eum

190 2582 289 2641 r'bzdem
304 2584 334 2640 in
348 2583 420 2640 libro
433 2601 483 2640 sua
497 2581 654 2658 appellanti,
665 2583 732 2655 quia
747 2580 800 2638 ibis
814 2601 836 2638 s.
850 2583 955 2638 creanda
969 2587 1060 2639 rostro
1070 2588 1179 2658 purgat
1186 2585 1340 2656 perterrere

189 2671 217 2723 et
233 2666 265 2723 in
282 2665 332 2722 hoc
352 2670 504 2722 exercetur.
546 2662 632 2720 Haec
654 2663 677 2720 si
697 2680 765 2720 uere
785 2662 900 2720 tradunt
921 2661 1102 2733 scholiastae,
1119 2673 1232 2722 notarat
1249 2662 1339 2739 Cyre-

94 2809 97 2817 ,
189 2764 281 2804 naeus
291 2745 495 2804 inmunditiam
507 2744 655 2822 quandam
667 2762 724 2820 qua
735 2743 797 2802 auis
808 2745 837 2800 in
850 2745 1004 2820 purgando
1014 2761 1136 2820 corpore
1146 2745 1267 2804 utatur*
1291 2744 1338 2806 Sic

190 2845 260 2886 sane
275 2827 383 2886 Plinius
398 2826 438 2884 H.
454 2824 492 2884 N.
503 2825 558 2884 viii.
574 2837 610 2901 97
628 2823 726 2883 Sriaile
740 2827 871 2900 quiddam
885 2833 911 2882 et
927 2827 1050 2884 uolucris
1065 2828 1094 2883 r'n
1109 2826 1198 2883 eadem
1212 2826 1339 2904 Aegypto

189 2911 361 2978 monstranti,
371 2927 440 2983 quae
453 2915 568 2965 uocatur
580 2907 641 2977 ibis,
652 2908 742 2964 rostri
752 2908 908 2964 aduncitate
916 2918 968 2982 per
981 2927 1040 2965 eam
1051 2914 1157 2981 partem
1171 2927 1199 2966 se
1207 2911 1339 2984 perlatas

188 3009 243 3066 qua
265 2991 347 3048 reddi
364 2990 487 3048 ciborum
508 3007 591 3047 onera
612 3007 745 3047 maxume
764 2988 876 3046 salubre
895 2996 942 3048 est.
984 2989 1122 3048 Aelianus
1144 2988 1184 3047 H.
1200 2993 1235 3048 A.
1254 2991 1280 3048 ii.
1299 3006 1337 3066 35

188 3072 323 3146 Αἰγύπτιαι
344 3070 480 3143 κλάσματα
502 3074 542 3127 καὶ
562 3073 686 3142 κάθαρσιν
707 3073 820 3143 γαστρὸς
842 3073 887 3126 οὐκ
911 3073 938 3126 ἔκ
961 3095 1031 3129 τινος
1050 3071 1160 3129 ε’πινοίας
1183 3072 1339 3146 ἀνθρωπίνης

188 3155 298 3228 λέγουσι
311 3154 408 3225 μαθεῖν,
423 3155 580 3209 διδάσκαλον
595 3154 622 3206 δὲ
637 3154 719 3224 σφίσι
733 3157 779 3207 τοῦ
793 3153 896 3223 ἰάματος
909 3155 984 3208 τοῦδε
997 3154 1043 3222 τὴν
1057 3149 1109 3219 ἶβιν
1122 3152 1238 3224 ᾄδουσιν.
1276 3153 1336 3212 Cic.

188 3235 225 3292 de
247 3233 285 3292 N.
300 3234 337 3292 D.
352 3235 379 3291 ii.
398 3235 454 3292 126
480 3232 625 3291 Vomr'tr'one
647 3251 735 3303 canes,
751 3240 880 3310 purgata
904 3240 994 3292 autem
1013 3234 1092 3291 aluos
1112 3233 1167 3292 ibes
1187 3233 1338 3314 Aegyptiae

188 3322 296 3374 curent.
339 3314 411 3373 Plut.
432 3315 468 3374 de
490 3314 529 3374 Is,
549 3325 577 3373 et
599 3313 675 3373 Osir.
693 3333 717 3372 c.
735 3327 772 3389 75
791 3316 825 3370 ‘H
845 3317 872 3370 δὲ
895 3311 947 3381 ἶβις
967 3317 1066 3386 ἐδίδαξε
1085 3319 1173 3389 πρώτη
1194 3321 1338 3388 κενώματος

188 3401 300 3469 ἰατρικοῦ
320 3399 410 3470 χρείαν
430 3399 575 3453 κατιδόντας
596 3395 661 3452 οὕτω
686 3397 839 3466 κλυζομένην
859 3400 900 3453 καὶ
923 3397 1103 3468 καθαιρομένην
1122 3398 1168 3469 ὑφ’
1189 3399 1287 3469 ἑαυτῆς,
1308 3408 1338 3456 et

188 3478 280 3536 multo
290 3479 406 3536 uberius
419 3478 564 3553 Georgius
574 3476 671 3536 Pisida
685 3495 773 3552 quern
788 3477 825 3534 ad
839 3495 957 3536 uersum
969 3495 1028 3551 450
1044 3477 1216 3552 Saluagnius
1228 3479 1334 3538 citauit.

188 3559 245 3618 His
264 3562 302 3618 ab
316 3561 453 3618 omnibus
466 3559 526 3617 Ibis
548 3558 646 3616 aluum
667 3559 772 3617 iniecta
793 3577 845 3634 per
863 3571 988 3617 rostrum
1008 3577 1083 3636 aqua
1102 3577 1225 3635 purgare
1242 3561 1335 3620 credi·

187 3651 241 3711 tur,
258 3641 329 3701 falso
349 3641 379 3699 id
397 3641 526 3718 quidem,
540 3649 573 3698 ut
587 3639 672 3698 docet
688 3641 870 3716 Sanignius†
885 3641 915 3698 in
933 3640 1029 3700 libello
1044 3657 1133 3717 quem
1150 3640 1187 3699 de
1206 3642 1261 3700 hac
1280 3660 1335 3701 aue

188 3723 309 3798 scripsit,
331 3722 383 3782 sed
404 3733 485 3781 tanto
506 3739 650 3781 consensu
671 3731 701 3780 ut
723 3723 825 3780 merito
847 3722 926 3780 idern
947 3740 1027 3780 error
1047 3720 1228 3781 Callimacho
1249 3723 1334 3799 inpu-

187 3814 270 3863 tetur.
301 3804 488 3880 Quamquam
504 3803 575 3861 nihil
589 3812 648 3860 tam
663 3803 807 3878 singulare
818 3821 855 3860 ex
866 3804 961 3862 uerbis
973 3802 1072 3863 Ouidii
1084 3803 1258 3862 eliciendum
1273 3814 1333 3863 est:

187 3896 300 3944 tantum
308 3886 377 3944 dicit
392 3903 475 3944 auem
488 3903 595 3961 aquam
606 3885 736 3960 proicere
747 3902 805 3960 qua
819 3902 926 3960 corpus
940 3893 1053 3960 purget.
1088 3884 1129 3942 At
1138 3883 1195 3943 hoc
1206 3886 1334 3945 mundae

187 3969 249 4026 auis
264 3977 326 4038 est;
349 3967 447 4037 audi0,
463 3967 516 4024 sed
532 3976 563 4024 ut
581 3966 680 4024 sordes
695 3966 792 4024 abluat
806 3985 878 4042 quas
899 3985 935 4025 ex
954 3966 1060 4024 limosa
1078 3965 1169 4024 humo
1188 3966 1235 4024 uel
1256 3985 1334 4043 aqua

187 4067 302 4125 semper
311 4048 427 4124 colligit.
450 4048 550 4107 Testis
558 4047 697 4106 Aelianus
708 4066 735 4105 x.
749 4066 784 4123 29
795 4053 932 4121 Πανταχοῦ
946 4049 974 4104 δὲ
989 4049 1106 4104 καθιεῖσα
1120 4045 1172 4114 ἶβις
1181 4051 1211 4102 τὸ
1220 4049 1332 4121 ῥάμφος,

187 4137 237 4187 τῶν
255 4131 376 4204 ῥυπαρῶν
396 4134 596 4204 καταφρονοῦσα
618 4132 659 4185 καὶ
683 4126 841 4200 ἐμβαίνουσα
865 4132 951 4188 αὐτοῖς
972 4130 1037 4202 ὑπὲρ
1061 4133 1107 4185 τοῦ
1129 4131 1169 4184 καὶ
1193 4130 1287 4185 ἐκεῖθέν
1307 4155 1333 4186 τι

219 4297 234 4330 *
251 4295 323 4342 Simili
335 4295 407 4341 modo
418 4295 516 4342 creditur
528 4295 651 4354 Hipponax
663 4295 775 4354 Bupalum
787 4303 876 4341 notasse
886 4291 1020 4356 χαραδριὸν
1031 4291 1145 4348 uocaudo,
1156 4307 1214 4353 quae
1225 4294 1273 4341 auis
1284 4293 1334 4354 ἅμα

186 4363 221 4421 τῷ
235 4356 325 4408 ἐσθίειν
341 4355 450 4421 ίκκρίνει,
461 4361 522 4407 unde
538 4356 814 4420 μεσσηγυδορτοχὲστης
829 4357 906 4422 ἤγουν
920 4355 945 4406 dr
960 4357 1092 4419 μεσοῦντος
1104 4355 1198 4405 δείπνου
1214 4358 1334 4408 πολλάκις

185 4424 308 4503 demand
314 4423 345 4472 ὡς
354 4423 428 4473 πάλιν
439 4424 599 4485 ἐμπίπλασθαι
611 4425 675 4475 Eust.
688 4426 717 4472 ad
728 4426 800 4486 Odys.
813 4424 875 4487 1837
888 4425 949 4472 idern
961 4426 1038 4472 uocari
1049 4432 1139 4486 poterat
1152 4424 1215 4486 (Ten
1228 4427 1300 4474 Brink
1309 4428 1333 4473 iu

185 4491 475 4616 PhddoHdlteHeddaddhelle
486 4565 509 4604 et
521 4555 695 4621 mythologique
707 4557 736 4620 de
747 4555 807 4603 l'lbis
819 4571 858 4618 par
868 4556 1011 4615 Julescesar
1023 4556 1130 4620 Sauigny,
1141 4557 1202 4604 Paris
1216 4557 1287 4617 1805.

731 4641 747 4681 C
765 4641 779 4680 2
