3312 5200
603 449 951 513 COMMENTARIVS.
1297 453 1353 512 109

169 629 175 634 ·
197 606 283 662 cleaas
292 609 451 677 antiquum.
472 607 588 662 Fundus
602 609 751 663 locutionis
760 611 845 678 Verg.
856 611 891 664 G.
902 608 937 664 iv.
948 622 1008 678 347,
1018 608 1065 680 qui
1076 608 1137 679 ipse
1146 609 1184 663 ad
1194 608 1354 664 Hesiodum

198 676 1352 750 1111111111109011ισἪνοιμὲνπριηστακύοιγένετ’(Εο11111111111111111111111).

198 753 270 804 diui
280 755 465 813 ueteresque
476 753 614 813 nouique
628 751 705 804 Seru.
720 750 758 804 ad
771 751 805 804 G.
822 749 839 804 i.
852 765 883 804 21
905 752 975 805 Post
990 751 1137 820 specialem
1149 752 1354 805 rauecatianem

197 821 309 874 transit
319 820 360 873 ad
364 820 587 890 generalitatem,
601 836 635 873 ne
646 820 724 889 qued
736 837 840 874 numen
852 825 1020 890 praetereat,
1033 838 1109 875 mare
1121 823 1208 891 penti
1260 838 1289 874 m
1300 825 1358 892 per

198 907 271 960 quas
294 891 356 943 ritu
378 891 469 943 ueteri
485 892 517 943 in
538 890 665 944 amnibus
685 893 775 944 sacris
789 895 857 960 pest
879 892 1010 961 speciales
1030 891 1094 946 deas
1114 909 1183 961 quas
1202 891 1355 961 adipsum

199 977 315 1014 sacrum
333 961 410 1029 quad
416 961 506 1030 fiebat
522 977 625 1014 necesse
641 967 705 1015 erat
721 963 853 1015 inuecaei
863 963 1038 1032 generaliter
1056 965 1152 1016 omnia
1172 963 1292 1016 numina
1312 963 1355 1015 in-

200 1031 379 1085 uacabaatur
388 1030 589 1099 (Saluagnius).
643 1035 693 1087 85.
712 1035 809 1097 captu
819 1031 895 1101 quod
908 1032 936 1085 in
950 1032 1188 1088 exsecrationibus
1201 1033 1354 1099 (earmina

201 1101 284 1169 dita)
298 1101 448 1170 praecipue
462 1101 625 1157 deuouetur.
663 1103 703 1155 M.
717 1102 771 1156 xiii.
784 1116 844 1170 330,
857 1121 900 1156 xv.
917 1114 975 1172 505,
990 1104 1057 1157 Her.
1072 1102 1109 1158 iii.
1120 1117 1163 1172 94.
1188 1107 1270 1157 male
1281 1105 1355 1158 fido.

203 1173 306 1241 Itaque
319 1171 427 1225 amicus
439 1171 536 1226 fuerat.
575 1179 733 1226 canuntur·
745 1173 817 1226 Aen.
830 1172 865 1227 xi.
880 1187 940 1242 399.
1011 1177 1061 1229 88.
1080 1179 1355 1239 peraguntpartes

201 1243 268 1297 Am.
287 1241 315 1296 ii.
337 1254 374 1310 15.
393 1241 428 1295 26
447 1240 527 1295 ‘And
546 1241 647 1311 raging
668 1259 755 1312 anger
773 1243 854 1297 takes
873 1243 901 1296 in
923 1243 1025 1311 hande,
1051 1243 1117 1298 with
1135 1244 1222 1313 griese
1241 1253 1270 1298 to
1289 1244 1355 1312 play

202 1313 248 1366 his
262 1313 359 1381 parte'
395 1314 427 1366 T.
442 1312 630 1366 Vnderdown.
708 1317 760 1368 88.
778 1317 897 1368 eaduoa
909 1313 986 1368 irrita
1000 1315 1031 1369 F.
1045 1313 1063 1368 i.
1080 1315 1138 1369 181.
1221 1317 1354 1381 8911111,

203 1382 324 1437 illustria
353 1391 381 1437 et
412 1381 543 1436 omnibus
574 1392 650 1437 nota.
699 1383 770 1438 Plat.
797 1385 882 1474 Legg.
907 1383 943 1437 xi.
968 1398 1017 1452 931
1045 1387 1078 1452 B,
1105 1384 1235 1449 oidirovs,
1260 1384 1354 1453 φαμέν,

203 1451 355 1520 ἀτιμασθεὶς
376 1451 500 1518 ἐπεύξατο
520 1454 575 1508 τοῖς
593 1453 672 1507 αὑτοῦ
693 1452 791 1508 τέκνοις
808 1453 825 1506 d
843 1455 873 1521 δη
894 1455 934 1508 καὶ
953 1457 1004 1509 πᾶς
1021 1453 1092 1522 ὑμνεῖ
1109 1455 1186 1508 τέλεα
1203 1456 1242 1507 καὶ
1260 1453 1356 1523 ἐπήκοα

202 1523 327 1594 γενέσθαι
344 1524 413 1593 παρὰ
432 1523 504 1590 θεῶν,
517 1522 661 1611 Ἀμύντορά
679 1545 707 1576 τε
724 1524 820 1577 Φοίνικι
838 1525 874 1579 τώ
891 1525 982 1578 ἐαυτοῦ
993 1524 1176 1592 ἐπαράσασθαι
1187 1524 1259 1578 παιδὶ
1272 1524 1356 1592 θυμω-

204 1594 283 1648 θέντα
301 1594 342 1646 καὶ
360 1591 532 1664 Ἱππολύτῳ
551 1600 655 1660 θησεα
673 1594 714 1646 καὶ
732 1593 834 1664 ἐτέρους
851 1575 949 1649 illua
965 1595 1070 1664 μυρίους
1087 1596 1194 1665 μορίοις,
1214 1595 1248 1648 ὧν
1265 1595 1357 1665 γέγονε

204 1664 293 1733 σαφές
305 1662 429 1730 ἐπηκόους
440 1657 502 1716 εἶναι
513 1667 618 1734 γονεῦσι
630 1665 695 1731 πρὸς
706 1663 781 1718 τέκνα
793 1664 874 1719 θεούς·
893 1665 1000 1734 ἀραῖος
1016 1665 1074 1736 γὰρ
1092 1665 1198 1734 γονεὺς
1216 1666 1357 1734 ἐκγόνοις

205 1735 244 1789 ὣς
265 1735 367 1789 οὐδεὶς
387 1733 492 1803 ἕτερος
513 1734 631 1800 ἄλλοις,
653 1735 799 1788 δικαιότατα
822 1734 1023 1803 (Saluagnius).
1115 1738 1164 1788 90.
1184 1739 1357 1801 Pasiphaes

205 1809 315 1870 generi
331 1803 435 1858 Thesei
454 1803 547 1858 mariti
567 1804 722 1859 Phaedrae.
765 1809 865 1860 uerba
883 1806 958 1859 diras
977 1805 1006 1858 in
1027 1805 1221 1875 Hippolytum
1268 1807 1357 1875 Quem

205 1892 271 1930 cum
292 1892 348 1929 nau
365 1876 506 1944 patuisset
524 1875 666 1944 (Ph'aedra
686 1875 821 1941 nouerca)
844 1877 885 1930 ad
902 1893 984 1929 suam
1000 1876 1152 1946 perducere
1173 1877 1358 1943 uoluntatem,

205 1946 324 2000 tabellas
341 1947 462 2015 sareptae
477 1944 519 1999 ad
533 1947 630 1998 uerum
647 1963 732 1999 suum
748 1948 828 2000 misit
843 1964 872 1999 se
889 1947 924 1999 ab
934 1947 1092 2016 Hippolyta
1108 1951 1291 2016 compressam
1303 1964 1359 2000 esse

206 2033 288 2086 seque
304 2017 367 2086 apsa
383 2015 532 2085 suspendia
551 2017 669 2070 necauit.
711 2016 830 2070 Theseus
848 2034 880 2070 re
896 2017 997 2071 audita
1007 2018 1108 2087 filium
1122 2034 1205 2071 suum
1218 2017 1360 2071 maenibus

206 2087 334 2141 excedere
345 2087 430 2140 iussit
440 2091 468 2139 et
479 2088 591 2156 optauit
607 2103 625 2138 a
641 2087 776 2156 Neptune
788 2091 875 2157 patre
882 2088 950 2157 filia
966 2104 1017 2141 sue
1029 2089 1157 2142 exitium.
1196 2088 1300 2157 Hygin.
1314 2101 1356 2154 47.

207 2159 277 2212 Eur.
293 2156 381 2227 Hipp.
394 2157 444 2222 887
463 2153 546 2223 Ἀλλ’,
563 2155 584 2209 ὦ
599 2157 681 2226 πάτερ
697 2157 834 2223 Πόσειδον,
849 2157 879 2212 ds
896 2158 954 2226 ἐμοί
970 2179 1033 2211 ποτε
1051 2155 1129 2244 ’Apris
1147 2157 1265 2227 ὑπέσχου
1282 2162 1359 2226 τρεῖς,

207 2228 253 2296 uqi
265 2227 423 2316 κοτέργασαι
436 2223 537 2279 Τούτων
548 2226 610 2295 ἐμὸν
620 2225 699 2292 παῖδ’,
712 2226 807 2298 ἡμέραν
824 2227 852 2281 δέ
869 2228 903 2296 μὴ
920 2227 1001 2296 φύγοι
1013 2226 1080 2295 Τήνδ
1099 2225 1171 2298 εἴπερ
1183 2227 1242 2297 ἡμῖν
1253 2227 1360 2282 ὤπασας

209 2299 306 2366 σαφεῖς
318 2298 390 2367 apis.
428 2296 486 2350 Εἰς.
501 2297 555 2351 Off.
570 2297 588 2350 i.
604 2313 643 2365 10,
656 2296 695 2351 iii.
709 2309 751 2366 25.
826 2301 871 2353 91.
890 2302 977 2361 Quas
989 2301 1146 2353 transiero
1159 2297 1181 2352 si
1196 2316 1266 2368 quas
1279 2315 1359 2368 prae-

208 2367 320 2423 teriero.
393 2370 441 2421 98.
460 2370 590 2421 Plenius
611 2371 739 2433 ingenio
763 2368 931 2422 cumulatius
956 2385 1041 2438 quam
1067 2380 1097 2423 ut
1123 2368 1218 2423 animo
1244 2369 1358 2437 fingam,

208 2437 336 2492 carmine
348 2438 472 2508 eloquar.
529 2440 577 2492 93.
592 2442 699 2492 minus
710 2445 845 2493 noceant
856 2439 933 2507 quod
944 2441 1054 2493 fiotum
1066 2455 1123 2492 non
1136 2455 1234 2492 uerum
1245 2455 1361 2493 nomen

209 2518 398 2564 exsecrentur.
445 2509 572 2577 Languet
597 2508 673 2562 enim
697 2508 769 2562 ictus
794 2508 848 2562 nisi
873 2509 902 2562 in
927 2519 1034 2562 certum
1059 2508 1195 2578 quiddam
1216 2509 1359 2578 dirigatur,

209 2578 291 2649 quasi
306 2576 524 2647 σκιαμαχούντων.
596 2582 645 2635 95.
663 2583 759 2633 Hlum
779 2596 837 2644 ego
858 2589 1004 2649 tamquam
1021 2583 1094 2633 Ibin
1112 2582 1252 2633 deuoueo
1268 2596 1361 2644 quem

211 2649 277 2703 Ibin
289 2665 379 2704 mens
390 2651 548 2718 intelligit,
566 2649 594 2703 h.
603 2666 627 2703 e.
650 2649 708 2705 Ibis
726 2649 795 2703 mihi
812 2649 859 2704 ille
877 2659 920 2704 est
933 2666 1018 2720 quem
1031 2650 1083 2704 sub
1097 2650 1150 2703 hoc
1163 2649 1277 2703 nomine
1290 2659 1361 2703 tam-

210 2737 298 2791 quam
310 2730 489 2788 praesentem
502 2737 536 2774 ac
548 2737 647 2774 uerum
660 2719 806 2788 imaginor.
836 2719 913 2774 Hinc
923 2730 1030 2774 certum
1040 2720 1192 2790 quemdam
1202 2719 1361 2789 significare

211 2790 334 2845 Ouidius
355 2789 502 2859 colligitur.
541 2790 627 2845 Cuius
649 2790 672 2844 si
694 2789 881 2860 pronomine
903 2791 985 2859 signa
1006 2789 1099 2860 posuit
1123 2789 1218 2858 (Trist.
1239 2790 1257 2844 i.
1282 2802 1304 2858 ς.
1324 2791 1361 2857 7),

210 2870 329 2914 manent
348 2877 383 2914 ea
401 2860 429 2914 in
448 2860 577 2915 obscuro.
615 2861 744 2916 Imitatus
765 2861 878 2915 uidetur
897 2861 1046 2915 formulam
1065 2877 1122 2930 qua
1139 2861 1222 2915 urbes
1241 2860 1363 2915 deuoue-

211 2931 316 2986 bantur
330 2931 457 2985 Macrob.
471 2931 500 2985 S.
514 2930 551 2986 iii.
564 2945 589 2999 9.
606 2947 638 2985 10
654 2944 694 2984 vs
706 2943 811 2986 onnus
825 2944 922 2985 1LLAM
935 2943 1043 2984 vunnu
1058 2932 1295 2986 Cunsuacmsn
1309 2943 1363 2984 ux-

211 3013 416 3064 nucl'rvutovn
428 3013 516 3064 QvnM
529 3013 589 3056 EGO
603 3014 649 3055 ΜΕ
662 3014 774 3056 sancto
787 3014 905 3056 mettun
922 3014 1001 3056 FVGA
1017 3013 1198 3056 Fouutnluu
1215 3013 1364 3056 TuRRoRu

212 3083 417 3126 εοΜΡιΕΑΤις.
474 3074 602 3127 98.·11111
614 3089 655 3127 se.
687 3071 790 3126 Melius
803 3072 956 3141 scripturus
969 3089 1047 3126 eram
1058 3090 1087 3126 se
1097 3073 1156 3127 scit.
1190 3074 1256 3126 Nux
1267 3087 1302 3140 43
1315 3073 1366 3126 Sic

212 3145 295 3196 timet
309 3142 431 3196 ime'eieas
446 3143 500 3211 qui
515 3158 550 3197 se
567 3142 631 3196 scit
638 3143 721 3212 fierre
737 3145 835 3196 uiator
844 3152 875 3197 ut
891 3161 926 3197 ex
942 3142 1050 3212 optimo
1063 3143 1160 3197 codice
1173 3159 1264 3212 nuper
1275 3142 1364 3197 edidit

213 3212 409 3266 Wilamowitz.
436 3228 545 3277 preces
557 3212 764 3282 inprecationes
774 3214 887 3281 97-106.
917 3215 1006 3267 Poeta
1015 3213 1160 3268 inimicum
1170 3223 1364 3276 exsecraturus

214 3283 295 3351 fingit
312 3300 344 3336 se
358 3282 438 3351 quasi
455 3299 566 3337 sacrum
580 3283 838 3364 quoddamlfacere.
876 3284 942 3352 Ipse
954 3287 1099 3339 saoerdos
1112 3294 1258 3354 tamquam
1269 3283 1364 3338 adsint

214 3352 354 3407 sacrificio
368 3352 526 3422 legentibus
543 3352 641 3408 indicit
656 3354 791 3423 εὐφημίαν,
807 3363 838 3407 ut
853 3353 924 3407 nihil
940 3354 1036 3408 dicant
1051 3354 1127 3424 quod
1144 3371 1255 3408 sacrum
1272 3355 1365 3408 turbet

214 3424 288 3478 situe
309 3422 377 3477 laeti
398 3423 506 3492 augurii
526 3423 585 3492 (98,
602 3424 657 3492 99),
678 3434 738 3479 tum
760 3434 790 3478 ut
811 3423 954 3478 tristitiam
974 3424 1140 3492 significent,
1159 3424 1282 3479 hostiam
1303 3425 1365 3479 he.

214 3497 291 3548 Ibin
314 3493 446 3548 adeundo
471 3510 536 3548 cum
560 3493 691 3562 lacrimis,
715 3494 869 3564 pullatique
894 3504 922 3548 et
947 3494 1061 3549 sinistro
1086 3495 1159 3564 pede
1186 3504 1365 3548 occurrentes

216 3564 374 3632 (100-102).
411 3566 484 3617 Tum
500 3564 537 3618 ad
552 3563 645 3634 ipsum
660 3563 722 3618 lbin
736 3581 888 3618 conuersus
904 3564 980 3618 iubet
994 3564 1077 3618 morti
1090 3582 1121 3619 se
1134 3581 1233 3633 parare
1246 3565 1366 3633 sumptis

215 3633 294 3688 uittis
312 3633 413 3703 quibus
430 3644 545 3688 umatus
561 3636 638 3689 uelut
654 3633 748 3689 hostia
765 3634 793 3688 in
811 3651 860 3688 ara
877 3635 914 3688 ad
933 3634 962 3688 id
980 3634 1073 3702 ipsum
1092 3644 1191 3703 parata
1207 3635 1367 3688 immoletur

218 3703 375 3774 (103-106).
513 3708 560 3760 97.
578 3721 726 3770 peragam
750 3711 820 3759 rata
843 3711 920 3759 uota
940 3705 1027 3758 uerba
1048 3714 1186 3773 concepta
1208 3704 1367 3758 deuotionis

217 3791 355 3844 exsequar
382 3773 420 3829 ad
443 3774 554 3829 felicem
581 3786 723 3831 euentum.
761 3775 808 3830 Sic
834 3779 971 3845 peragere
999 3791 1081 3828 sacra
1109 3776 1140 3829 P.
1166 3773 1203 3828 iii.
1227 3789 1251 3828 2.
1270 3775 1313 3842 66,
1334 3776 1366 3829 F.

217 3864 244 3900 v.
268 3860 331 3912 444,
351 3845 413 3912 630.
456 3852 527 3900 rata
552 3845 593 3900 sic
619 3845 730 3900 uidetur
754 3844 882 3900 additum
907 3854 937 3899 ut
963 3846 1046 3913 Prop.
1068 3844 1104 3900 iv.
1130 3859 1151 3898 1.
1175 3860 1220 3898 101
1247 3845 1368 3898 Iunem's

218 3921 317 3970 uatum
325 3916 419 3984 facita
435 3917 618 3986 impetrabile,
629 3915 665 3971 iv.
682 3932 721 3970 10.
738 3930 770 3983 14
786 3918 861 3970 uatis
878 3919 994 3986 occupat
1010 3920 1075 3968 ante
1091 3916 1164 3969 ratis
1176 3916 1206 3968 ‘I
1220 3913 1274 3967 will
1288 3931 1368 3982 carry

218 4003 266 4054 my
279 4003 355 4040 vows
368 3986 490 4054 through
502 3995 532 4040 to
545 3985 618 4041 their
629 3985 873 4041 consummationi
954 3989 1003 4041 98.
1022 3989 1102 4040 Ibin
1135 3987 1231 4039 Potest
1244 3985 1369 4039 alludere

218 4056 257 4110 ad
277 4073 342 4110 eam
364 4055 598 4125 significationem
618 4074 703 4126 quam
724 4057 810 4112 tradit
831 4056 992 4126 Hesychius
1011 4057 1063 4111 sub
1082 4073 1104 4110 s.
1114 4072 1140 4110 u.
1163 4054 1206 4119 1βύ
1224 4056 1370 4124 laureatam

219 4127 412 4195 ῖβυκινὴσαντει
435 4125 501 4191 ilius.
548 4129 612 4181 Hoc
636 4127 721 4195 enim,
746 4128 782 4181 ab
807 4128 904 4182 lonico
930 4127 974 4191 1βύ
999 4128 1124 4194 ductum,
1152 4127 1286 4194 εὐφημίαν,
1312 4125 1369 4188 iiiv-

220 4199 320 4264 κινῆσαι
333 4197 456 4265 εὐφημεῖν
468 4196 607 4266 significat
620 4198 648 4252 h.
656 4215 681 4252 e.
694 4214 743 4250 ore
755 4199 858 4252 fauere.
954 4201 1003 4254 98.
1022 4213 1076 4253 ore
1086 4200 1191 4252 fauete
1203 4195 1272 4250 nihil
1285 4195 1370 4251 dicite

219 4267 297 4336 quod
314 4267 438 4321 alienum
457 4267 493 4322 sit
511 4285 529 4322 a
547 4267 656 4337 lugubri
678 4284 766 4323 sacro.
809 4270 908 4337 Henry
920 4268 1066 4323 Aeneidea
1078 4267 1115 4322 iii.
1127 4285 1155 4337 p.
1169 4280 1202 4337 25
1217 4268 1282 4321 ‘use
1300 4285 1372 4335 your

220 4339 334 4391 mouths
352 4354 385 4391 so
401 4354 433 4392 as
452 4347 482 4392 1ο
494 4338 601 4392 further
619 4339 693 4392 what
708 4340 720 4391 1
735 4356 782 4392 am
799 4339 894 4393 about.
933 4340 962 4391 tt
970 4340 1018 4392 the
1031 4339 1151 4408 speaker
1163 4338 1187 4392 is
1199 4338 1329 4406 engaged
1341 4337 1370 4391 in

220 4407 414 4476 lamentation‚
427 4425 474 4462 are
481 4409 582 4478 fauete
600 4409 665 4462 thus
683 4408 816 4463 becomes
835 4409 995 4478 equivalent
1014 4419 1043 4463 to
1062 4426 1164 4462 maura
1182 4409 1253 4462 with
1271 4426 1321 4477 me,
1339 4426 1371 4462 as

222 4478 306 4544 ovid,
321 4477 380 4532 lbis
393 4479 436 4546 98,
449 4493 484 4547 99
499 4479 634 4548 Quisquis
647 4480 713 4532 ades
727 4481 823 4548 sacris,
841 4497 896 4534 ore
910 4479 1031 4547 fauete,
1048 4481 1116 4532 meis
1126 4499 1137 4532 .·
1156 4480 1292 4548 Quisquis
1307 4481 1373 4533 aries

221 4551 317 4618 sacres,
330 4549 485 4618 lugubria
497 4549 603 4606 dicite
621 4550 741 4604 uerba'
828 4551 895 4606 100.
912 4552 991 4604 fletu
1002 4552 1138 4603 madidis
1151 4548 1233 4604 Trist.
1248 4548 1286 4603 111.
1301 4561 1322 4618 5.
1341 4563 1371 4602 12
