3296 5210
602 457 960 519 ‘COnIMENTARIVs.
1286 467 1342 526 149

185 616 353 684 traduceret,
362 615 393 668 in
398 617 544 686 gurgitem
558 616 655 686 lapsus
668 616 754 681 obiit;
766 618 839 671 unde
850 623 878 671 et
879 617 997 686 fluuius
1005 618 1165 688 appellatus
1174 616 1215 674 est
1226 621 1253 674 T
1249 621 1341 677 iberis.
1437 590 1440 596 ¹

188 687 275 740 Hanc
288 685 436 740 historiam
450 686 604 741 tradiderat
616 687 645 740 L.
659 686 781 755 Cincius,
795 697 867 742 teste
880 705 915 742 eo
928 687 975 811 qui
989 688 1101 758 scripsit
1114 691 1150 745 de
1164 689 1241 760 Orig.
1257 693 1340 747 Gent.

169 757 272 812 .R0m.
289 758 328 811 18.
357 758 425 811 Met.
446 757 500 812 xiv.
521 757 572 824 614
593 759 722 828 Regnum
745 758 894 812 Tiberinus
913 777 931 811 a
968 760 1029 814 illes
1049 761 1137 830 Cepit,
1154 766 1182 815 et
1202 764 1234 815 in
1258 764 1345 816 Tusci

185 827 468 896 demersusfluminrs
480 828 565 882 undas
579 829 707 882 Nomen
727 828 806 882 fecit
825 846 940 899 aquae.
1025 834 1091 884 515.
1111 834 1342 898 Astacidaeque

185 901 281 952 modo
300 900 404 952 defixa
421 902 576 952 cadauera
594 904 697 953 sunto.
735 899 782 953 Sic
795 917 908 954 uersum
921 917 955 954 ex
970 901 1053 955 Conr.
1067 901 1103 955 de
1118 903 1200 957 Mure
1212 903 1321 958 restitui
1334 924 1342 970 ;

185 967 253 1022 uide
264 986 310 1022 me
320 968 349 1022 in
359 967 490 1038 Journal
497 968 737 1040 esPitilolegyvii.
747 981 839 1039 p.250.
857 970 972 1038 Tydeus
982 972 1173 1040 pugnantibus
1184 984 1294 1043 septem
1304 974 1342 1028 ad

109 1043 111 1046 ’
186 1039 305 1092 Thebas
319 1056 383 1093 cum
396 1057 413 1093 a
428 1039 594 1109 Menalippo
606 1039 704 1094 Astaci
722 1039 779 1093 filio
792 1042 954 1095 uulneratus
968 1059 1059 1110 paene
1072 1044 1110 1096 ad
1122 1052 1243 1098 mortem
1256 1055 1340 1114 esset,

142 1172 145 1180 ,
186 1109 270 1178 eique
283 1110 397 1163 Athena
410 1110 650 1165 medicamentum
665 1111 749 1165 ferret
761 1128 796 1164 ex
809 1128 865 1180 quo
878 1111 1044 1166 immortalis
1057 1113 1166 1168 iuturus
1185 1124 1259 1169 esset
1272 1115 1341 1169 Am-

185 1179 330 1250 phiarauS,
352 1190 436 1249 caput
458 1180 615 1250 Menalippi
638 1180 781 1234 abscisum
802 1182 910 1251 Tydeo,
934 1199 1018 1252 quem
1040 1183 1148 1253 oderat,
1170 1185 1339 1255 adportauit.

187 1251 217 1304 Is
231 1250 379 1305 cerebrum
396 1251 538 1305 exsorbuit
553 1271 559 1316 ;
585 1252 661 1322 quod
680 1251 717 1305 ob
734 1251 843 1306 facinus
858 1262 990 1306 auersata
1008 1269 1073 1307 eum
1086 1256 1200 1310 Athena
1212 1273 1270 1310 non
1283 1255 1341 1311 iam

185 1337 273 1390 passa
284 1331 328 1375 est
341 1320 444 1376 uiuere.
469 1322 601 1391 Apollod.
612 1321 649 1377 iii.
660 1323 684 1376 6.
696 1323 721 1387 8.
744 1324 815 1378 Stat.
826 1323 879 1377 Th.
887 1322 944 1378 viii.
953 1335 1004 1392 753
1017 1329 1051 1377 ut
1061 1326 1254 1396 singultantia
1266 1328 1343 1382 ue'dit

188 1392 249 1445 Ora
272 1391 404 1462 trahique
427 1393 519 1447 ocules
539 1409 648 1461 seseque
668 1395 788 1464 agnouit
811 1395 843 1447 in
863 1394 922 1462 ille,
942 1395 1070 1464 Imperat
1088 1397 1225 1450 abscisum
1245 1399 1341 1468 pergi,

184 1463 323 1532 laeuaque
334 1467 472 1533 receptum
486 1465 510 1517 S
504 1467 601 1537 pectet
616 1469 702 1517 atrax
711 1463 810 1518 hostile
821 1469 914 1534 caput,
922 1465 1074 1535 gliscitque
1085 1469 1203 1536 tepentis
1214 1468 1342 1522 Lumina

184 1539 271 1586 torua
285 1533 383 1586 uidens
394 1539 422 1587 et
434 1533 527 1588 adhuc
539 1534 700 1588 dubitantia
707 1535 775 1605 sigi.
812 1534 889 1589 Hinc
904 1535 970 1604 Lyc.
984 1535 1051 1588 1066
1064 1539 1213 1604 κρατόβρως
1225 1538 1341 1606 Tydeus

185 1603 289 1657 dieitur
300 1603 465 1674 (Saluagn.).
501 1608 612 1659 defixa.
636 1607 745 1674 Corpus
755 1607 839 1660 hasta
848 1605 885 1659 ad
895 1614 999 1660 terram
1009 1605 1131 1660 defixum
1142 1606 1263 1676 fingitur,
1271 1609 1340 1662 dum

185 1683 271 1744 caput
287 1674 429 1728 abscisum
446 1686 528 1730 esset.
601 1679 757 1731 cadauera
769 1676 804 1730 de
817 1675 899 1731 unius
912 1675 1060 1744 cadauere,
1073 1687 1102 1731 ut
1116 1694 1201 1748 supra
1213 1683 1340 1748 carpere.

185 1748 295 1813 Sunio,
307 1747 389 1800 Neue
400 1748 541 1802 Formenl.
551 1745 579 1801 ii.
593 1765 618 1817 p.
629 1747 698 1815 364:
715 1747 756 1801 sic
769 1748 844 1800 dicta
857 1753 913 1800 este
927 1749 967 1801 M.
976 1746 1012 1802 vi.
1024 1748 1082 1816 138,
1095 1754 1178 1802 estete
1190 1751 1287 1820 regati
1298 1752 1340 1805 M.

185 1815 222 1870 iv.
239 1828 294 1885 154
334 1816 419 1886 Quod
432 1816 585 1872 Merkelius
599 1827 626 1872 et
640 1817 753 1871 Riesius
766 1817 899 1871 exhibent
912 1817 1003 1872 decim
1015 1819 1150 1873 cadauere
1161 1825 1262 1874 trunco
1275 1819 1340 1875 ideo

185 1903 243 1940 non
261 1887 351 1957 probo
365 1886 403 1956 (1)
418 1887 495 1957 quod
507 1887 535 1941 in
548 1889 625 1942 nullo
641 1888 717 1942 bono
734 1888 871 1958 reperitur
886 1888 993 1956 codice,
1007 1887 1046 1957 (2)
1061 1889 1138 1959 quod
1152 1889 1223 1944 mire
1239 1891 1341 1945 dicitur

185 1975 246 2012 esea
257 1959 349 2012 decem
361 1959 497 2012 cadamre
510 1958 591 2027 ‘may
603 1976 673 2028 your
691 1959 766 2013 head
782 1961 818 2012 be
831 1960 879 2013 the
894 1959 961 2013 food
978 1959 1010 2012 of
1024 1976 1042 2013 a
1060 1961 1167 2014 human
1185 1961 1279 2030 being,
1293 1971 1339 2016 cut

187 2045 268 2097 away
281 2029 354 2083 srorn
373 2029 421 2083 the
441 2029 589 2083 mutilated
607 2045 730 2097 caream,
743 2047 761 2084 a
773 2029 840 2083 food
853 2030 922 2083 such
935 2047 968 2084 as
982 2029 1045 2083 wild
1064 2031 1160 2086 beasts
1173 2031 1263 2101 might
1277 2034 1340 2100 eat,’

185 2115 203 2152 a
216 2115 271 2168 quo
285 2109 369 2168 caput
382 2099 475 2168 potius
489 2100 695 2155 abscidendum
707 2111 775 2155 erat.
802 2102 847 2154 De
860 2118 889 2154 re
904 2100 938 2155 cf.
949 2102 1017 2155 Tac.
1029 2100 1105 2157 Hist.
1115 2102 1151 2155 iv.
1161 2116 1194 2168 42
1209 2104 1342 2157 Occurrit

184 2171 263 2222 truci
272 2172 399 2223 oratione
412 2171 530 2224 Curtius
541 2172 707 2238 Montanus,
720 2189 750 2224 ee
763 2187 850 2240 usque
857 2175 1025 2242 progressus
1037 2177 1089 2226 ut.
1104 2214 1110 2227 .
1125 2214 1130 2225 .
1143 2173 1241 2226 datam
1253 2175 1340 2228 inter-

176 2240 285 2309 fectori
307 2241 421 2293 Pisanis
439 2243 591 2311 pecuniam
615 2260 634 2294 a
654 2242 762 2312 Regulo
787 2241 1044 2311 adpetitumque
1069 2259 1179 2297 morsu
1205 2243 1338 2299 Pisonis

185 2320 285 2379 caput
298 2311 450 2365 auerteret.
476 2313 538 2366 Val.
554 2315 630 2366 Max.
641 2311 678 2366 iii.
689 2328 714 2367 2.
728 2327 756 2366 11
771 2313 908 2366 Eiusdem
921 2314 1054 2382 temperis
1065 2319 1092 2366 et
1103 2319 1185 2368 notae
1197 2315 1276 2368 miles
1290 2357 1296 2368 .
1311 2357 1317 2369 .
1330 2357 1337 2370 .

184 2398 247 2434 cum
266 2381 307 2434 ad
321 2383 467 2435 retinenda
485 2399 568 2435 arma
585 2384 702 2436 inutiles
724 2384 889 2438 uulneribus
908 2400 1010 2436 manus
1031 2382 1149 2452 liaberet,
1168 2385 1291 2453 spoliare
1311 2403 1340 2439 se

183 2454 312 2506 conantis
323 2453 468 2506 Numidae
478 2455 611 2507 ceruicem
629 2454 788 2523 coutplerus
805 2470 835 2507 os
851 2453 969 2506 naribus
986 2459 1013 2506 et
1029 2454 1146 2507 aun'bus
1161 2457 1280 2508 corruis
1293 2457 1338 2509 de

175 2523 1050 2594 formereddidit,iuqueplenaeultionismersibuserspirauit.
1087 2527 1214 2588 alama
1227 2525 1340 2580 uidetur

183 2603 260 2647 recte
273 2592 473 2662 interpretatus
484 2594 648 2664 Leopardus
662 2594 813 2649 Emendat.
822 2594 839 2648 i.
854 2610 886 2647 10
897 2594 933 2648 de
948 2593 1068 2648 Biothea
1079 2595 1193 2663 (Athen.
1203 2596 1266 2664 349)
1277 2595 1338 2651 siue

183 2663 332 2732 Axiothea,
341 2681 426 2718 uxore
436 2664 633 2719 Nicocreontis
642 2664 915 2732 siueNicotheontiS‚
924 2664 998 2734 regis
1005 2664 1108 2734 Cyprii.
1129 2668 1230 2735 Neque
1241 2676 1337 2722 tamen

184 2751 283 2788 uerum
291 2744 385 2803 potest
393 2752 456 2788 esse
465 2735 542 2804 quod
551 2734 1105 2816 scribebatLeopardusBiotizean,quam
1114 2736 1251 2805 synizesin
1260 2739 1337 2792 nullo

183 2805 270 2859 modo
283 2805 457 2859 admissurus
470 2816 530 2860 erat
549 2806 638 2860 Ibidis
651 2807 785 2876 scriptor:
806 2806 857 2860 sed
866 2805 1006 2859 Baethean
1019 2807 1115 2875 lingua
1129 2807 1295 2876 Cypriorum
1308 2809 1337 2862 in

183 2875 328 2930 Brothean
342 2877 386 2930 uel
399 2878 524 2930 Brotean
537 2877 648 2931 uidetur
661 2877 827 2946 corrupisse,
841 2877 1082 2946 quemadmodum
1096 2877 1205 2946 Cypriis
1218 2878 1339 2946 τρέμιθοε

183 2958 243 3001 erat
265 2947 341 3016 quod
364 2947 482 3001 Graecis
502 2949 649 3016 τερέβινθος
667 2949 776 3017 (Steph.
797 2950 828 3001 B.
849 2965 871 3002 s.
882 2965 908 3002 u.
927 2948 1075 3017 Τρεμιθοῦε,
1099 2949 1193 3003 Schol.
1213 2949 1336 3006 Nicand.

184 3019 268 3072 Ther.
290 3015 362 3086 844),
381 3018 492 3087 ἀθρὶζειν
510 3017 527 3072 i.
539 3036 564 3088 q.
585 3019 694 3088 αὐρίζειν
714 3019 874 3087 (Hesych.).
912 3017 1003 3072 Simili
1026 3019 1217 3073 contractione
1236 3020 1337 3088 Tyana
1425 3035 1428 3044 ’

184 3089 278 3157 Dana,
292 3089 424 3143 Triocala
436 3088 549 3143 Tricala
561 3090 755 3144 uocabantur:
775 3089 825 3144 sed
843 3107 877 3143 ex
893 3107 972 3143 mero
991 3089 1101 3143 scribae
1120 3106 1212 3144 errore
1225 3089 1337 3145 uidetur

182 3161 324 3242 Braceden
345 3177 396 3244 pro
414 3161 551 3242 Biaciden
569 3160 696 3242 positum
710 3159 796 3241 tuisse
817 3162 891 3246 Plyg.
913 3161 942 3214 P.
963 3161 996 3214 A.
1011 3159 1038 3214 ii.
1052 3175 1094 3228 20,
1113 3159 1161 3241 ubi
1181 3161 1336 3242 Bursianus

183 3232 406 3298 con1.Laduen,
426 3248 472 3284 uix
491 3241 560 3285 satis
579 3231 770 3300 probabrltter.
808 3232 855 3285 Sic
881 3231 1024 3295 Αρηίλυκος
1038 3232 1156 3284 Homen
1172 3232 1201 3284 ll.
1216 3249 1270 3284 xrv.
1283 3244 1333 3300 451

182 3297 336 3370 Ἀρχίλυκος
348 3311 391 3356 est
406 3301 533 3355 Diodoro
546 3302 581 3355 iv.
595 3302 638 3368 67.
677 3303 759 3356 Certe
777 3319 835 3355 non
854 3312 914 3356 erat
933 3318 982 3355 cur
1000 3301 1028 3354 in
1043 3301 1193 3356 Machonis
1206 3302 1335 3357 uersibus
1431 3342 1439 3354 .

185 3371 299 3440 (Athen.
313 3371 376 3440 349)
395 3371 486 3425 Βιοθέα
505 3371 641 3427 eiceretur
654 3389 671 3426 a
683 3371 872 3440 Wesselingio
888 3371 925 3426 ad
945 3371 1029 3425 Diod.
1044 3391 1087 3426 xx,
1101 3387 1132 3426 21
1148 3381 1176 3427 et
1190 3372 1336 3428 Meinekio

184 3441 213 3495 in
233 3444 314 3496 Anal.
338 3443 431 3497 Critic.
454 3443 491 3496 ad
513 3445 615 3496 Athen.
637 3444 653 3497 l.
669 3460 692 3497 c.
729 3445 803 3497 Rem
822 3453 937 3496 narrant
960 3441 1046 3496 Diod.
1068 3461 1111 3496 xx.
1133 3457 1175 3510 21,
1202 3445 1335 3512 Polyaen.

183 3511 239 3568 viii.
253 3514 295 3578 48.
334 3515 406 3568 Cum
426 3513 559 3567 Nicocles
578 3513 638 3568 siue
659 3513 849 3581 Nicocreon*,
862 3523 890 3567 et
905 3513 990 3566 frater
1007 3512 1067 3566 eius
1085 3513 1161 3566 iussu
1180 3515 1335 3570 Ptolemaei

182 3583 266 3652 primi
280 3601 343 3638 sese
357 3583 571 3651 interfecissent,
584 3584 725 3638 Axiothea
737 3583 901 3638 conuocatis
914 3584 1014 3636 horum
1028 3583 1170 3636 sororibus
1186 3584 1336 3639 matribus-

183 3671 239 3723 que
252 3671 285 3708 ac
307 3654 474 3723 coniugibus
487 3664 585 3709 auctor
601 3655 652 3709 fuit
671 3665 702 3708 ut
721 3671 818 3708 secum
837 3662 1011 3708 morerentur
1029 3653 1122 3722 potius
1142 3670 1228 3722 quam
1246 3655 1335 3710 uitam

184 3724 348 3779 Ptolemaeo
361 3734 508 3794 acceptam
525 3725 668 3780 referrent.
707 3727 806 3795 Itaque
820 3723 922 3778 clausis
935 3723 1042 3776 foribus
1061 3723 1089 3776 in
1108 3732 1183 3777 tecta
1200 3724 1337 3780 ascende·

183 3794 252 3849 hant
265 3815 272 3861 ;
291 3795 357 3850 dein
370 3795 414 3849 his
428 3795 559 3863 incensis,
572 3813 635 3850 sese
655 3795 683 3848 in
702 3795 797 3864 ignem
809 3794 988 3848 coniciebant
1002 3812 1007 3848 ι
1028 3793 1181 3848 nouissime
1194 3796 1336 3850 Axiothea

182 3875 335 3936 postquam
356 3866 452 3935 gladio
474 3866 599 3936 iugulum
620 3866 803 3936 transegisset
828 3865 856 3918 in
878 3866 1008 3920 flammas
1033 3881 1168 3934 praeceps
1190 3866 1258 3919 data
1283 3877 1334 3922 est.

216 3990 231 4023 *
248 3989 399 4034 ‘Notandum
410 3987 449 4035 hic
456 3996 490 4035 est
498 3988 678 4035 Nicocreontem
688 3987 786 4034 eundern
798 4002 845 4034 esse
854 4001 906 4033 cunr
918 3985 1020 4040 Nicocle,
1033 3999 1101 4045 quem
1114 3985 1211 4032 eundem
1223 3985 1334 4048 Origenes

182 4063 262 4101 contra
279 4054 371 4102 Celsum
385 4055 436 4114 (vii.
451 4053 494 4114 54)
507 4055 704 4100 Aristocreontem
720 4061 797 4102 uocat.
832 4053 853 4096 T
855 4061 957 4098 estantur
974 4051 1019 4098 hoc
1037 4050 1169 4097 Athenaeus
1182 4059 1206 4098 et
1218 4051 1334 4098 Diodorus

183 4120 275 4168 Siculus.
309 4120 372 4165 Nam
384 4134 455 4180 quum
467 4119 504 4165 hic
517 4119 620 4165 Machon
630 4119 727 4178 (Athen.
737 4119 810 4181 549f.
822 4117 849 4166 ἐν
860 4118 895 4177 τῷ
907 4113 1009 4178 πελάγει
1021 4113 1116 4163 διέλυσε
1128 4114 1174 4176 τὴν
1185 4113 1334 4178 neptuniae)

182 4187 267 4232 scribat
282 4184 436 4231 Stratonicum
458 4185 559 4231 occisum
579 4199 592 4230 a
610 4185 771 4238 Nicocreonte,
791 4199 844 4231 eum
865 4182 963 4230 Phanias
984 4182 1080 4243 (Athen.
1099 4194 1144 4242 35²
1158 4181 1190 4243 c.)
1209 4197 1221 4228 a
1238 4182 1335 4229 Nicocle

183 4252 329 4310 interfectum
349 4260 382 4298 est
405 4260 492 4298 auctor.
527 4251 614 4296 Rursus
628 4265 697 4310 quem
713 4250 827 4296 Diodorus
845 4248 932 4296 Siculus
948 4247 1072 4295 Nicoclem
1091 4257 1170 4304 uocat,
1186 4247 1247 4294 huuc
1264 4249 1334 4310 isqui

182 4317 280 4364 indicem
292 4317 408 4363 Graecum
424 4315 447 4362 in
462 4331 516 4362 eum
531 4316 610 4374 edidit,
628 4316 806 4362 Nicocreontem
821 4311 943 4362 nominat!
977 4313 1108 4374 Leopardus
1119 4313 1134 4360 l.
1144 4328 1174 4369 c.,
1186 4315 1222 4359 cui
1234 4313 1335 4374 adstipu-

183 4383 242 4429 latur
253 4383 413 4445 Wesselingius
424 4383 453 4428 ad
465 4383 535 4430 Diod.
545 4396 585 4430 xx.
598 4394 625 4428 at
639 4397 644 4429 :
659 4396 701 4428 nec
716 4381 817 4427 multum
836 4395 914 4427 moror
931 4381 1075 4440 Droysenum
1091 4378 1210 4426 Nicoclem
1222 4379 1335 4439 Paphium

182 4463 196 4494 a
211 4449 366 4495 Nicocreonte
383 4462 451 4508 quern
469 4447 587 4494 Salaminis
605 4461 683 4510 regem
703 4447 756 4493 iecit
775 4445 921 4492 Ptolemaeus
938 4445 1118 4507 distinguentem
1135 4444 1299 4504 (Hellenismus
1315 4445 1332 4494 i.

182 4529 205 4575 p.
218 4527 267 4576 404
277 4513 339 4572 not.)
356 4529 410 4560 cum
429 4513 466 4560 hic
482 4513 530 4573 ipse
547 4514 646 4562 fateatur
661 4527 720 4574 quae
737 4512 766 4559 de
777 4511 873 4558 Nicocle
891 4519 915 4558 et
934 4511 1049 4558 Axiothea
1070 4517 1188 4558 narrentur
1206 4512 1294 4571 optime
1310 4512 1335 4558 in

182 4579 359 4628 Nicocreontem
371 4579 458 4627 cadere.
