3296 5210
321 467 379 524 166
720 456 1069 520 COMMENTARIVS.

318 621 396 676 bant
450 619 628 674 rimulam
667 613 786 671 Palladii
805 625 833 672 et
851 614 999 686 ἀρχέτυπον
1016 625 1045 671 et
1064 615 1159 686 imago
1178 616 1345 671 seruabatur
1362 615 1482 685 Troiae,

319 691 440 760 Dionys
459 688 554 759 Antiq.
575 690 658 742 Rom.
676 686 693 742 i.
706 687 742 756 69
758 703 803 757 ap.
823 686 927 742 Kinkel
946 689 1002 757 Ep.
1019 689 1132 757 Fragm.
1151 703 1178 757 p.
1197 699 1237 756 50
1276 688 1334 742 Sed
1354 687 1479 744 Ouidius

318 763 391 818 solet
404 759 548 831 pluraliter
558 759 713 813 simulacra
725 774 832 828 ponere
844 758 892 812 ubi
908 775 997 812 unum
1009 767 1120 813 tantum
1132 756 1304 827 intelligitur,
1319 760 1360 813 M.
1372 777 1401 812 x.
1414 760 1480 814 280.

318 835 387 888 ele.
405 833 533 886 Aulidis
545 845 565 884 a
575 834 672 894 portu
683 829 849 884 struendum
862 845 927 883 cum
944 832 1016 892 lter,
1027 845 1086 883 non
1099 845 1164 883 curn
1175 832 1282 884 uertit.
1318 828 1407 897 ‘May
1418 846 1478 897 you

319 903 406 958 suffer
417 902 466 956 the
482 901 540 956 late
555 899 588 954 os
599 901 648 955 the
660 899 788 954 ravisher
801 899 834 953 os
845 900 895 954 the
908 899 1076 968 Palladium,
1089 900 1152 953 who
1165 900 1268 954 turned
1279 899 1359 954 aside
1371 901 1421 954 the
1434 900 1478 954 ill-

319 972 488 1029 considered
502 971 622 1042 journey
633 971 706 1025 from
717 968 807 1023 Aulis'
819 971 958 1024 harbour!
993 969 1113 1024 Videtur
1128 978 1241 1040 tempus
1259 970 1401 1040 respicere
1419 987 1479 1094 {uo

318 1040 527 1114 Agamemnoni
536 1041 564 1095 in
570 1041 671 1096 Aulide
681 1040 897 1110 tempestatibus
905 1057 956 1110 per
963 1039 1034 1095 iram
1040 1041 1152 1096 Dianae
1159 1050 1346 1109 retento‚cum
1357 1041 1424 1094 Calc
1444 1057 1479 1093 as

318 1115 407 1170 scelus
416 1113 527 1182 (cernae
534 1111 668 1180 uiolatae)
676 1112 1074 1182 respondissetaliterexpiari
1079 1129 1135 1165 non
1139 1113 1289 1182 persentit
1293 1111 1478 1182 Iphigeniam

310 1186 410 1256 filiam
427 1183 597 1237 immolasset
612 1191 640 1237 et
659 1199 690 1236 re
706 1183 807 1236 audr'ta
819 1182 1016 1253 Agamemnon
1032 1199 1162 1236 recusare
1177 1181 1327 1252 coepisset,
1339 1183 1478 1250 Vlysses

320 1271 394 1310 eum
407 1253 560 1308 consiliis
573 1253 615 1308 ad
631 1269 697 1307 rem
716 1253 863 1322 pulcram
879 1252 1063 1322 transtulit,
1076 1261 1180 1307 etcum
1192 1253 1328 1307 Diomede
1346 1253 1387 1306 ad
1395 1251 1476 1323 Iphi-

314 1326 432 1397 geniam
446 1326 548 1378 mr'rsus
558 1329 600 1377 est
615 1323 813 1391 oddmmrdam,
826 1326 952 1392 quicum
965 1325 1006 1378 ad
1015 1325 1264 1394 Clytaemnestram
1277 1329 1397 1377 matrem
1415 1324 1478 1376 eius

319 1398 469 1462 nensisent,
487 1395 641 1448 ementitur
661 1394 768 1464 Vlysses
786 1411 848 1447 eam
866 1394 980 1448 Achilli
998 1396 1029 1448 in
1050 1395 1214 1466 coniugium
1231 1395 1302 1448 dari
1317 1394 1405 1463 (Hyg.
1419 1394 1475 1462 98).

319 1470 391 1523 leue
407 1470 470 1522 lter
482 1474 525 1520 est
535 1463 759 1534 Agamemnonis
771 1473 799 1519 et
813 1465 986 1519 Graecorum
999 1481 1034 1518 ex
1045 1465 1157 1534 Aulide,
1170 1465 1248 1535 quod
1265 1464 1477 1518 inconsiderate

320 1537 461 1608 parabant
473 1536 566 1591 facere
579 1535 710 1590 obstante
724 1534 820 1589 Diana
832 1552 866 1589 ac
878 1535 1109 1605 tempestatibus:
1130 1534 1189 1590 Cic.
1203 1536 1238 1590 de
1252 1535 1340 1590 diuin.
1353 1534 1370 1589 i.
1388 1535 1427 1589 16.
1440 1549 1477 1603 29

319 1609 399 1680 quod
406 1607 498 1662 eodem
511 1606 592 1661 modo
603 1607 698 1660 euenit
708 1606 938 1676 Agamemnoni:
959 1608 1011 1676 qui
1023 1622 1086 1661 cum
1098 1606 1210 1660 Achiui
1218 1607 1370 1677 coepissent
1383 1606 1478 1660 lnter

321 1695 396 1734 sese
409 1689 558 1748 strepere
570 1685 750 1746 aperteque
762 1686 868 1731 artem
880 1677 1033 1732 obterere
1045 1675 1254 1746 extispicum,
1268 1677 1408 1731 Soluere
1421 1677 1476 1734 ime

321 1759 416 1820 perat
435 1748 581 1804 secundo
599 1764 729 1802 rumore
747 1747 957 1817 aduersaque
975 1746 1041 1802 aui.
1079 1747 1145 1801 Hoc
1164 1747 1217 1802 iter
1232 1747 1350 1816 Vlysses
1368 1751 1478 1816 uertit,

321 1822 380 1874 h.e.
393 1818 501 1874 secit‘ut
513 1819 551 1873 ab
563 1834 598 1872 eo
610 1826 817 1872 reuerterentur
828 1835 921 1888 neque
933 1828 1000 1873 ante
1012 1827 1184 1887 temptarent
1196 1835 1282 1888 quam
1294 1820 1409 1888 placata
1422 1818 1477 1872 dea

321 1899 406 1945 esset.
445 1891 508 1944 Nec
526 1898 633 1943 temere
650 1889 768 1957 Vlysses
788 1888 829 1942 sic
847 1889 996 1956 inducitur,
1009 1905 1077 1942 nam
1095 1898 1124 1943 et
1142 1888 1172 1942 in
1190 1889 1245 1943 hoc
1263 1888 1378 1958 incepto
1396 1898 1427 1942 ut
1447 1888 1476 1943 in

323 1959 452 2015 Palladio
476 1958 596 2013 furando
620 1968 648 2014 et
673 1958 702 2013 in
727 1958 888 2014 Palamedis
912 1968 1003 2013 morte
1030 1976 1095 2013 cum
1120 1958 1263 2014 Diomede
1287 1959 1477 2029 coniungitur.

322 2047 342 2086 a
360 2036 464 2096 portu
502 2030 628 2098 Hesych.
648 2029 675 2084 ἐς
693 2029 799 2084 Αὐλίδα·
823 2030 851 2085 e’s
870 2030 971 2098 λιμένα.
1007 2031 1074 2085 Sen.
1094 2029 1172 2085 Med.
1191 2030 1243 2084 622
1264 2029 1354 2084 Aulis
1377 2031 1482 2083 amissi

322 2118 430 2155 memor
439 2101 505 2155 inde
519 2102 595 2172 regis
606 2099 749 2154 Portubus
762 2101 847 2155 lentes
858 2102 961 2155 retinet
971 2103 1085 2155 carinas
1100 2107 1176 2155 stare
1191 2107 1341 2171 querentes.
1378 2104 1479 2156 uertit

321 2176 392 2228 iter.
425 2173 496 2226 Aen.
518 2189 545 2226 v.
566 2185 601 2224 22
625 2175 741 2241 superat
783 2173 898 2225 uoniam
920 2172 1040 2238 fortuna
1063 2188 1222 2241 sequamur,
1247 2172 1363 2242 Quoque
1386 2177 1478 2240 uocat,

323 2249 470 2298 cremamus
490 2243 552 2296 iter.
590 2239 653 2296 Tib.
669 2241 687 2296 i.
701 2257 726 2295 2.
739 2189 782 2307 nd
793 2243 939 2296 Fluminis
956 2241 1024 2296 haec
1040 2242 1143 2312 rapido
1159 2243 1285 2296 carmine
1303 2244 1394 2296 uertit
1413 2245 1476 2296 iter.

324 2315 396 2369 Met.
409 2312 436 2367 ii.
452 2325 505 2381 730
522 2313 612 2366 Vertit
628 2313 685 2366 iter
694 2313 823 2383 caeloque
873 2315 911 2367 tit
927 2319 1039 2367 terrena
1055 2314 1160 2368 relicto.
1197 2315 1279 2368 Pont.
1291 2311 1326 2367 iv.
1340 2327 1365 2380 4
1380 2327 1417 2366 20
1428 2312 1482 2367 Ad

317 2390 417 2457 gentes
426 2385 500 2437 alias
511 2383 578 2437 hinc
584 2382 637 2436 dea
646 2385 734 2437 uertit
744 2385 807 2438 iter.
845 2383 897 2449 .46
905 2384 980 2437 Ister
986 2384 1024 2437 In
1033 2388 1120 2454 caput
1127 2385 1246 2438 Eum'no
1254 2384 1288 2437 de
1299 2401 1379 2438 mare
1388 2389 1480 2438 uertet

322 2459 385 2511 iter.
424 2457 492 2509 Tac.
507 2453 583 2509 Hist.
597 2453 653 2508 ii.2
672 2455 766 2508 Fuere
788 2455 841 2524 qui
862 2471 1006 2508 accensum
1030 2454 1167 2508 deseden'o
1190 2455 1337 2508 Berenices
1362 2457 1480 2525 reginae

323 2527 441 2581 uertr'sse
458 2527 515 2579 iter
532 2524 680 2579 crederent.
720 2523 817 2579 lustin.
837 2524 909 2580 xxiv.
928 2525 945 2579 6
963 2525 1089 2594 Delphos
1105 2527 1163 2580 iter
1178 2526 1272 2579 uertit.
1311 2526 1355 2579 Ex
1374 2525 1478 2596 quibus

324 2605 442 2667 apparet
455 2601 563 2650 umere
574 2597 632 2648 iter
647 2611 704 2649 non
722 2612 786 2650 esse
804 2595 821 2650 i.
832 2611 857 2665 q.
874 2595 926 2650 iter
941 2595 1069 2665 dirigere,
1083 2596 1135 2651 sed
1149 2604 1198 2650 aut
1214 2595 1325 2664 regredi
1338 2606 1387 2650 aut
1400 2605 1478 2650 certe

323 2667 378 2722 iter
395 2667 432 2722 ab
449 2666 504 2721 alia
525 2683 555 2720 re
576 2665 640 2720 'one
661 2665 690 2719 in
709 2665 795 2720 aliam
816 2676 933 2722 mutare.
970 2669 1016 2721 An
1037 2666 1132 2736 potius
1151 2665 1325 2735 significatur
1342 2667 1478 2735 Acamas,

324 2738 398 2792 filius
423 2735 536 2805 Thesei,
556 2683 646 2791 darer
671 2737 924 2808 Demophoontis?
956 2737 1013 2791 Hic
1038 2736 1115 2792 enim
1139 2747 1293 2807 antequam
1315 2737 1418 2792 Graeci
1443 2755 1479 2792 ex

324 2808 427 2863 Aulide
449 2809 570 2862 classem
592 2808 742 2875 soluerent,
761 2807 865 2862 missus
889 2817 932 2862 est
951 2807 1067 2862 Troiam
1087 2825 1153 2862 cum
1172 2807 1313 2863 Diomede
1333 2809 1478 2863 Helenam

251 2895 252 2898 ’
324 2878 493 2949 repetiturus
516 2878 659 2948 (Parthen.
682 2879 760 2932 Erot.
780 2876 834 2947 xvi,
857 2879 946 2933 Tzetz.
968 2878 1007 2933 ad
1032 2880 1099 2948 Lyc.
1120 2891 1181 2948 447,
1200 2878 1275 2948 495),
1294 2877 1390 2949 ibique
1411 2895 1478 2932 cum

325 2949 451 3004 Laodice
475 2965 535 3004 rem
560 2947 666 3003 habuit.
708 2949 773 3018 Quo
797 2965 833 3002 ex
857 2948 956 3004 itinere
981 2966 1046 3003 cum
1069 2949 1190 3004 redisset
1213 2950 1351 3019 ἄπρακτος,
1375 2949 1478 3004 merito

325 3020 463 3074 dicendus
482 3028 541 3073 erat
559 3022 638 3085 leue,
657 3020 684 3073 h.
693 3035 718 3073 e.
737 3019 834 3074 inutile
852 3024 913 3074 lter
931 3024 1072 3075 uertisse.
1112 3022 1173 3074 Iam
1192 3018 1239 3074 hic
1257 3019 1334 3074 idem
1351 3021 1478 3074 Acamas

325 3107 390 3144 cum
403 3089 476 3144 inter
488 3105 538 3143 eos
550 3089 632 3143 fuerit
646 3088 693 3158 qui
706 3089 827 3144 Athenis
842 3086 949 3160 egressi
962 3092 1088 3146 Graecos
1101 3107 1166 3145 eum
1179 3091 1308 3145 Palladio
1326 3091 1479 3146 redeuntes

325 3160 413 3214 Troia
431 3158 521 3213 adorti
541 3169 606 3214 sunt
626 3160 768 3228 (Eustath.
792 3175 866 3230 1419.
886 3173 927 3230 55,
946 3178 1031 3232 quem
1049 3162 1143 3216 locum
1162 3160 1191 3215 in
1211 3163 1339 3216 Excursu
1358 3161 1478 3230 addidi),

325 3229 458 3311 quamuis
469 3229 507 3310 id·
515 3227 619 3284 inuitus
637 3230 742 3300 fecerit,
755 3230 897 3286 uiolauit
915 3231 1093 3314 simulacra
1111 3230 1292 3287 Mineruae.
1325 3233 1413 3287 Illius
1430 3250 1478 3286 en·

324 3299 1478 3444 tltlchlihllthlltblintsleichiii.blathinis}

325 3442 421 3513 gladio
434 3457 486 3496 suo
498 3441 671 3510 transfigitur
685 3441 784 3510 (Tzetz.
798 3444 836 3497 ad
850 3446 916 3513 Lyc.
929 3443 1001 3514 495).
1072 3447 1138 3499 619.
1156 3447 1363 3509 Naupliadea
1397 3446 1478 3499 Pala-

325 3513 426 3581 medis,
440 3510 488 3566 filii
502 3511 627 3581 Nauplii.
665 3515 739 3582 Hyg.
758 3526 804 3582 105
824 3515 930 3585 Vlysses
945 3515 1024 3585 quod
1031 3516 1194 3570 Palamedis
1205 3516 1334 3586 Nauplii
1340 3516 1407 3585 filii
1414 3516 1479 3570 dolo

325 3590 389 3639 erat
396 3584 531 3654 deceptus,
541 3585 573 3636 in
580 3583 639 3638 dies
648 3584 871 3654 machinabatur,
881 3588 1016 3656 quomodo
1025 3603 1088 3640 eum
1097 3588 1271 3657 interficeret.
1283 3587 1397 3640 tandem
1407 3588 1479 3640 r'm‘to

325 3656 442 3711 comitio
459 3657 500 3709 ad
511 3655 750 3726 Agamemnonem
768 3657 887 3711 militem
904 3673 989 3711 suum
1007 3659 1093 3726 misit,
1106 3660 1159 3728 qui
1173 3657 1275 3712 diceret
1291 3659 1325 3726 ei,
1337 3659 1370 3711 in
1388 3659 1480 3727 quiete

325 3728 439 3795 uidisse,
451 3731 485 3781 ut
496 3732 590 3780 castra
602 3742 660 3779 uno
670 3727 716 3780 dre
727 3732 916 3783 mouerentur.
948 3729 982 3783 id
990 3729 1018 3782 A
1017 3745 1188 3799 garumnam
1200 3744 1301 3782 uerum
1312 3729 1479 3782 existimans

325 3805 420 3853 castra
433 3814 489 3851 uno
500 3797 546 3851 die
557 3798 680 3866 imperat
690 3799 806 3852 moueri.
847 3799 954 3868 Vlysses
967 3805 1061 3853 autem
1074 3800 1146 3853 clam
1159 3805 1242 3853 noctu
1253 3800 1330 3854 solus
1342 3815 1479 3870 magnum

320 3870 437 3941 pondus
448 3869 525 3937 auri,
537 3867 587 3921 ubi
596 3866 808 3922 tabernaculum
820 3869 984 3924 Palamedis
991 3870 1102 3942 suerat,
1116 3870 1230 3936 obruit,·
1247 3871 1314 3924 item
1326 3870 1479 3940 epistulam

326 3941 513 4010 consmptarn
530 3937 645 4008 Phrygi
658 3941 772 4008 captiuo
790 3939 831 3992 ad
844 3940 996 3994 Priamum
1013 3941 1065 3995 dat
1080 3941 1288 4012 perferendum,
1307 3941 1479 4011 militemque

326 4028 410 4064 suum
418 4011 545 4081 priorem
558 4010 655 4076 mittit,
668 4011 721 4079 qui
730 4027 793 4062 eum
804 4027 862 4064 non
873 4011 956 4082 longe
967 4030 986 4065 a
997 4013 1099 4066 castris
1109 4013 1283 4082 interficeret.
1308 4014 1423 4081 postero
1434 4013 1480 4066 die

325 4098 389 4136 cum
407 4082 545 4135 exercitus
561 4080 593 4133 in
610 4085 704 4134 castra
722 4080 833 4150 rediret,
852 4083 969 4152 quidam
987 4084 1074 4152 miles,
1092 4083 1251 4153 epistulam,
1269 4099 1356 4152 quam
1374 4082 1480 4152 Vlysses

325 4153 485 4222 scripserat,
493 4151 837 4275 supercadauerPhggrs
839 4155 965 4222 positam
973 4154 1258 4224 adAgamemnonem
1266 4154 1374 4222 attulit,
1381 4153 1414 4207 in
1422 4170 1480 4224 qua

326 4221 553 4292 smptumfuit:
569 4221 751 4274 PALAME
780 4222 802 4275 I
814 4223 842 4276 A
861 4223 1027 4279 PRIAMO
1042 4223 1183 4292 MISSA,
1196 4229 1363 4293 tantumque
1374 4227 1403 4278 ei
1413 4225 1483 4278 auri

322 4293 483 4364 pollicetur,
498 4298 637 4362 quantum
654 4293 760 4363 Vlysses
777 4294 809 4346 in
826 4294 1005 4349 tabernaculo
1023 4296 1162 4364 obruerat,
1178 4297 1206 4348 si
1220 4301 1314 4348 castra
1325 4294 1479 4365 Agamem-

327 4363 411 4416 nonis
427 4368 461 4416 ut
475 4365 505 4416 ei
520 4369 688 4418 conuenerat
700 4364 839 4433 proderet.
876 4366 972 4434 itaque
983 4366 1149 4421 Palamedes
1166 4383 1229 4420 cum
1246 4366 1287 4419 ad
1301 4382 1393 4436 regern
1411 4369 1482 4420 esset

322 4432 480 4505 productus
491 4438 519 4486 et
521 4434 635 4504 sactum
647 4441 770 4506 negaret,
782 4437 814 4488 in
826 4435 1037 4492 tabernaculum
1048 4438 1110 4490 eius
1120 4438 1218 4490 ierunt
1228 4442 1255 4490 et
1267 4453 1372 4490 aarum
1383 4435 1479 4507 efflrde·

327 4509 404 4560 runt.
441 4504 518 4573 quod
531 4504 728 4575 Agamemnon
747 4511 781 4560 ut
797 4507 874 4560 uidit
890 4524 956 4561 uere
964 4509 1079 4577 facturn
1097 4525 1154 4563 esse
1170 4508 1296 4562 credidit.
1332 4523 1388 4577 quo
1396 4508 1480 4577 sacto

326 4574 492 4632 Palamedes
502 4575 566 4633 dole
583 4576 687 4648 Vlyssis
696 4576 824 4648 deceptus
839 4577 874 4633 ab
889 4581 1011 4635 exercitu
1027 4580 1161 4636 uniuerso
1172 4579 1303 4635 innocens
1315 4579 1418 4634 occisus
1429 4583 1479 4634 est.
