3294 5214
654 437 901 500 PRAEFATIO.
1336 441 1364 500 ix

154 605 163 612 “
212 601 318 661 stantio
332 609 493 676 occupatae
511 609 615 659 essent.
658 600 771 659 Primus
790 609 890 659 tamen
911 597 1054 676 Egnatius
1068 618 1095 658 u.
1112 614 1168 676 591
1187 597 1316 661 Comicus
1333 604 1367 656 ut

212 694 329 770 liquidis
356 693 394 753 de
421 692 566 770 Eupolide
599 692 770 752 Atheniensi
804 693 995 770 interpretans
1025 691 1124 753 locum
1152 692 1277 753 Platonii
1304 694 1364 766 περὶ

212 791 339 862 διαφορᾶς
356 789 491 858 κωμωδιῶν
504 784 665 867 (Aristoph.
685 785 781 848 Schol.
799 806 827 864 p.
843 789 861 848 i.
879 801 916 862 25
931 787 977 848 ed.
992 785 1228 866 Diibner)''laucu
1243 793 1306 862 γοῦν
1319 789 1365 841 τὸν

140 895 144 902 ’
213 886 328 939 Εὔπολιν
341 883 384 939 e’rri
395 887 434 959 τῷ
446 883 546 952 διδάξαι
558 883 618 940 τοὺς
632 884 734 941 Βάπτας
750 882 922 955 ἀποπνιγέντα
940 884 976 941 eis
996 885 1041 953 τὴν
1060 883 1198 939 θάλασσαν
1211 881 1253 939 ὑπ’
1269 878 1364 937 ἐκείνου

214 978 249 1036 εἰς
262 975 292 1032 ὃν
306 977 397 1048 καθῆκε
411 977 471 1034 τοὺς
485 978 585 1034 Βάπτας
598 974 710 1048 adtulit,
725 975 777 1035 sed
791 984 943 1055 tamquam
956 993 994 1034 ex
1008 974 1213 1052 Aristophanis
1227 974 1363 1034 scholiis:

213 1069 350 1146 idemque
363 1077 442 1129 recte
456 1067 624 1144 Idmonaque
637 1070 765 1128 audacem
780 1066 865 1147 (504)
877 1068 914 1128 de
928 1079 995 1128 uate
1010 1068 1101 1129 fatum
1116 1068 1198 1145 quod
1211 1067 1265 1128 sibi
1279 1085 1362 1145 prae.

213 1163 324 1224 uiderat
338 1180 400 1222 non
417 1163 526 1223 uitante
538 1162 705 1240 explicauit.

255 1256 314 1317 Hic
342 1255 500 1316 dicendum
531 1266 575 1316 est
603 1257 640 1316 de
667 1255 782 1316 duobus
816 1257 885 1316 uiris
912 1256 986 1316 Iano
1014 1256 1175 1329 Parrhasio,
1203 1256 1361 1316 Francisco

215 1351 337 1422 Alciato,
360 1350 410 1428 qui
430 1350 501 1411 alter
522 1360 701 1428 praeceptor,
726 1350 798 1410 alter
823 1351 988 1428 discipulus,
1017 1351 1069 1411 sed
1090 1351 1206 1411 diuerso
1228 1351 1290 1411 fato
1310 1350 1364 1422 usi,

215 1445 324 1522 ingenii
346 1445 421 1504 uires
443 1445 474 1502 in
497 1444 670 1521 explicanda
695 1444 779 1504 ibide
801 1454 1000 1505 exercuerunt.
1042 1444 1176 1516 Quorum
1198 1444 1365 1504 Parrhasius

215 1537 424 1620 (1470-1534)
449 1537 553 1598 decem
581 1557 618 1598 ex
642 1525 853 1598 bbscurissimis
877 1537 957 1612 locis,
983 1557 1001 1598 a
1023 1538 1157 1598 Domitio
1182 1539 1259 1598 male
1282 1539 1366 1597 intel·

215 1635 315 1705 lectos,
334 1651 404 1692 nam
422 1632 507 1690 huius
525 1632 615 1691 solius
634 1634 876 1692 commentarium
895 1642 1027 1704 nouerat,
1047 1632 1214 1692 doctissime
1232 1633 1366 1691 tractauit

216 1728 246 1787 in
274 1724 436 1804 Epistulis*
465 1745 538 1804 quas
566 1744 645 1785 anno
673 1729 748 1802 1567
776 1727 825 1786 diu
852 1736 919 1805 post
947 1727 1038 1802 ipsius
1067 1736 1193 1786 mortem
1218 1726 1365 1786 Henricus

218 1820 383 1898 Stephanus
407 1820 496 1879 edidit
518 1829 548 1879 et
571 1818 724 1881 Ludouico
750 1820 930 1881 Casteluetro
951 1820 1104 1880 dedicauit.
1147 1820 1216 1891 Hic,
1242 1830 1274 1879 ut
1296 1819 1367 1879 nibil

217 1915 314 1976 dicam
336 1915 373 1974 de
395 1915 527 2004 uersibqs
549 1932 625 1991 quos
648 1913 835 1975 Constantius
860 1915 966 1974 eodem
994 1914 1085 1974 modo
1113 1915 1277 1991 explicabat
1306 1928 1366 1989 520

217 2007 285 2068 Non
300 2009 477 2086 profecturae
497 2009 777 2081 coelaturarum,
800 2022 859 2085 573
882 2009 965 2084 thue
979 2015 1088 2083 patrem
1109 2008 1285 2081 Psamathes,
1307 2010 1365 2082 615

220 2101 413 2179 Obstructoque
425 2104 546 2182 semera,
573 2117 631 2178 305
655 2102 786 2180 Nataque
809 2110 842 2163 ut
862 2102 1009 2173 Aeacidae,
1034 2121 1114 2162 noua
1139 2120 1173 2161 ac
1196 2103 1367 2180 plerumque

218 2220 287 2260 uera
306 2201 463 2277 disputauit
484 2201 521 2260 de
542 2199 587 2259 his
605 2200 677 2261 locis
693 2201 846 2279 Phaylleae
865 2215 932 2276 502,
955 2202 1045 2260 Vnum
1064 2203 1117 2277 que'
1132 2208 1183 2260 toto
1204 2220 1261 2276 344
1278 2219 1368 2279 quem

219 2295 255 2354 de
276 2294 367 2354 Aiace
388 2295 590 2370 interpretatus
615 2304 667 2367 est,
691 2314 748 2370 319
772 2293 835 2353 Aut
855 2303 888 2354 ut
908 2295 1055 2354 Atarnites
1075 2312 1164 2372 quem
1189 2294 1226 2353 de
1252 2294 1368 2372 Pactye,

220 2408 279 2464 499
294 2387 401 2447 laurita
420 2407 448 2446 se
465 2389 583 2464 scopulis
598 2406 686 2465 quem
701 2389 737 2448 de
752 2386 890 2465 Aglauro,
907 2402 963 2463 517
984 2387 1112 2464 Quodque
1114 2390 1223 2466 ferunt
1234 2387 1368 2448 Brotean.

218 2481 298 2541 Nam
318 2482 496 2554 Parrhasius,
516 2482 611 2542 iudice
632 2481 672 2541 H.
697 2482 855 2559 Stephano,
875 2500 943 2559 prae
962 2483 1065 2540 ceteris
1083 2481 1142 2540 lere
1162 2482 1299 2542 omnibus
1319 2483 1369 2559 qui

217 2584 320 2654 poetas
341 2576 557 2635 commentariis
577 2577 772 2648 inlustrarunt,
792 2585 820 2634 et
842 2576 922 2634 uaria
943 2574 1075 2634 doctrina
1096 2583 1124 2634 et
1144 2575 1252 2635 iudicio
1274 2585 1304 2634 et
1325 2575 1369 2633 in-'

219 2670 307 2746 genio
335 2679 364 2729 et
390 2670 533 2728 memoria
557 2670 653 2742 ualuit,
676 2670 802 2747 limaque
824 2669 971 2728 exactiore
995 2687 1064 2728 usus
1089 2678 1141 2728 est.
1183 2668 1243 2727 Sed
1268 2669 1369 2746 iniqua

219 2773 296 2822 sorte
318 2763 440 2823 iactatus
464 2764 494 2821 in
516 2781 631 2823 summa
653 2764 774 2840 penuria
793 2763 924 2835 decessit,
947 2772 976 2822 et
996 2763 1102 2823 eodem
1123 2771 1195 2822 teste
1217 2762 1369 2839 Stephano

219 2867 369 2935 tamquam
390 2876 466 2917 unus
487 2877 503 2920 e
524 2859 785 2934 grammatistarum
806 2877 895 2936 grege
916 2857 1031 2917 habitus
1051 2866 1095 2917 est
1116 2857 1212 2916 donec
1230 2859 1321 2916 tribus
1341 2868 1369 2916 et

219 2951 336 3028 triginta
349 2961 417 3028 post
431 2952 515 3010 annis
529 2952 623 3011 editae
637 2951 777 3028 epistulae
790 2953 863 3011 inter
877 2951 1068 3028 peritissimos
1077 2951 1231 3011 Romanae
1242 2970 1369 3028 poeseos

220 3045 410 3122 explicatores
424 3046 502 3105 hunc
516 3064 580 3105 esse
594 3047 786 3123 peruicerunt.
828 3045 972 3105 Parrhasii
992 3045 1106 3104 auditor
1121 3043 1252 3104 Alciatus
1267 3046 1369 3123 quanti

220 3139 287 3198 Ibin
304 3138 437 3199 habuerit
455 3139 542 3199 docet
559 3140 631 3199 liber
644 3139 862 3199 Emblematum
881 3140 930 3216 qui
950 3157 1004 3216 pro
1018 3138 1115 3198 Embl.
1132 3143 1168 3213 87
1186 3139 1251 3198 Ibin
1273 3140 1368 3212 habet,

220 3233 329 3292 docent
343 3252 418 3310 quae
433 3233 463 3291 in
477 3233 610 3310 Parergis
625 3233 699 3292 Iuris
714 3252 813 3310 sparsa
830 3233 959 3293 enotauit
974 3233 1010 3292 de
1025 3233 1174 3292 carmine:
1197 3251 1221 3292 e.
1234 3252 1261 3310 g.
1277 3235 1312 3292 vi.
1332 3253 1366 3293 21

221 3325 293 3386 duas
313 3327 466 3405 proposuit
487 3327 694 3404 explicationes
719 3345 747 3386 u.
771 3340 826 3402 471
853 3333 886 3386 ut
906 3328 957 3385 cui
978 3332 1125 3384 matertera
1149 3324 1248 3397 Marii,
1270 3327 1308 3385 ix.
1333 3346 1370 3402 23

221 3418 332 3478 Achaei
342 3421 372 3479 in
388 3439 446 3497 299
461 3420 497 3479 de
512 3421 645 3480 Histiaeo
660 3420 785 3492 Milesio,
802 3419 950 3498 &recurrit
957 3426 1051 3496 poetae
1066 3435 1124 3496 549
1140 3418 1177 3478 de
1191 3419 1370 3481 Theocriteo

172 3559 174 3565 ,
221 3513 270 3573 illo
284 3515 334 3591 qui
349 3533 381 3574 se
396 3515 546 3591 suspendit
559 3523 678 3592 propter
692 3532 823 3575 amorem
836 3515 926 3592 pueri,
941 3533 969 3573 x.
985 3533 1002 3586 4
1017 3511 1128 3591 Sparsa
1135 3523 1190 3590 per
1203 3512 1372 3575 Ambracias

223 3607 260 3666 de
275 3607 474 3685 Neoptolemo
488 3627 525 3667 ex
540 3608 620 3686 Hyg.
640 3627 696 3684 123
711 3608 911 3685 interpretatus
926 3617 978 3668 est.

263 3703 354 3761 Anno
373 3717 450 3778 1550
465 3701 601 3780 Micyllus
618 3703 649 3761 in
665 3702 750 3762 tertio
767 3695 906 3761 editionis
916 3699 1016 3761 Ouidii
1034 3701 1183 3760 uolumine
1198 3701 1265 3760 Ibin
1279 3703 1372 3778 publi.

223 3796 300 3856 cauit
316 3814 384 3854 curn
402 3796 621 3855 commentario.
665 3794 724 3854 Hic
744 3795 852 3854 multos
870 3795 1001 3872 priorum
1020 3812 1131 3853 errores
1146 3794 1267 3865 sustulit,
1283 3797 1373 3856 multa

223 3907 302 3949 noua
312 3889 431 3949 addidit.
461 3888 520 3961 Qui
531 3907 711 3967 quamquam
721 3899 789 3966 post
801 3889 948 3966 Saluagnii
960 3887 1117 3947 editionem
1128 3889 1219 3947 rarius
1230 3888 1373 3963 laudatur,

222 4002 284 4043 non
303 4001 397 4062 pauca
414 3983 569 4061 occupauit
584 4001 658 4060 quae
677 3983 744 4042 huie
764 3983 936 4060 plerumque
955 3981 1151 4058 adsignantur.
1195 3981 1242 4041 Sic
1261 3983 1374 4058 primus

223 4095 260 4136 ex
284 4077 329 4137 ed.
353 4077 468 4138 Veneta
492 4077 641 4137 reuocauit
665 4078 781 4136 zuermrlr
805 4087 878 4152 opem
904 4078 971 4151 256,
996 4076 1131 4152 quamuis
1154 4075 1184 4135 id
1210 4076 1318 4135 tardius
1342 4078 1372 4137 in

223 4171 365 4230 editiones
392 4171 564 4248 peruenerit,
589 4179 676 4247 atque
701 4170 789 4230 etiam
816 4171 847 4228 in
875 4169 920 4229 ed.
947 4169 1024 4228 Dan.
1054 4168 1168 4228 Heinsii
1197 4171 1267 4228 anni
1296 4173 1372 4248 1629

224 4275 388 4325 monstrum
401 4264 470 4324 illud
482 4265 584 4324 e'rreruee
593 4272 686 4340 potens
697 4272 873 4340 compareat.
902 4263 987 4322 Idem
998 4262 1133 4340 Micyllus
1144 4271 1257 4341 cognato
1266 4267 1374 4323 nomine

225 4377 282 4434 301
299 4359 336 4419 de
350 4358 487 4420 Aeacidis
506 4359 707 4435 interpretatus
725 4367 783 4430 est;
809 4371 864 4432 397
881 4357 998 4417 Thrasii
1017 4375 1127 4415 nomen
1147 4359 1302 4430 reuocauit,
1318 4377 1374 4435 pro

421 4504 435 4538 *
452 4503 500 4550 Iani
513 4502 624 4551 Parrhasii
635 4503 704 4550 Liber
716 4503 744 4550 de
756 4503 823 4550 rebus
834 4517 873 4562 per
885 4502 1005 4563 epistolam
1018 4502 1133 4564 quaesitis.
