3312 5200
294 456 351 515 108
691 449 1039 512 COMMENTARIVS.

295 609 379 677 mico,
400 615 585 680 precaturque
606 615 637 661 ut
657 604 780 676 quadie
802 606 893 661 lucem
915 604 1056 674 acceperit
1075 603 1171 671 (Cens.
1192 602 1234 671 ll)
1254 618 1288 656 ea
1310 617 1341 655 se
1361 597 1446 653 morti

295 681 432 735 deuotum
443 677 646 733 reminiscatur.
695 680 827 741 Ianique
843 679 1004 730 Kalendis.
1042 674 1114 730 Plin.
1129 676 1167 729 H.
1181 676 1219 729 N.
1231 671 1324 726 xxviii.
1338 685 1371 724 22
1386 671 1451 724 Cur

291 753 421 822 primurn
433 751 507 804 anni
517 749 678 818 incipientis
688 748 762 802 di'em
780 747 863 802 laetis
873 746 1083 816 precationibus
1099 747 1218 799 inuelem
1232 745 1364 813 faustum
1377 741 1447 794 omi·

295 823 425 875 namur?
480 821 814 875 assumentium.
844 820 890 871 Tr.
901 817 936 872 iv.
946 832 969 885 3.
983 817 1014 871 16
1025 817 1093 870 Non
1106 817 1261 870 mentitura
1273 819 1305 867 tu
1317 812 1372 866 tibi
1381 826 1448 864 uoce

296 893 376 962 refer.
409 893 502 944 Docet
515 899 592 944 certo
604 899 740 943 euentura
752 904 825 958 quae
837 887 1004 958 inprecatur.
1061 889 1447 943 6'1.Dimarisetterrae.

295 960 337 1016 sic
359 963 556 1030 Agamemnon
578 959 660 1014 liiii.
675 959 799 1025 276-280
810 962 858 1011 Ζεῦ
869 960 959 1028 πάτερ,
970 956 1073 1024 Ἴδηθεν
1087 957 1193 1026 μεδέων,
1210 954 1313 1009 κύδιστε
1328 955 1448 1021 μέγιστε,

296 1031 401 1087 'lichnis
419 1029 441 1085 θ’
461 1029 489 1085 is
505 1028 578 1084 πάντ’
597 1030 696 1098 ἐφορᾷς
714 1029 754 1082 καί
771 1026 845 1083 πάντ’
863 1027 1004 1094 ἐπακούεις,
1024 1029 1072 1080 Καὶ
1090 1027 1201 1095 ποταμοί
1219 1028 1260 1080 καί
1276 1026 1350 1114 γαῖα,
1366 1024 1407 1076 καὶ
1423 1019 1449 1074 oi

296 1101 418 1170 ὑπένερθε
436 1103 562 1170 καμόντας
571 1097 735 1170 Ἀνθρώπους
750 1099 881 1164 τίνυσθον,
897 1098 912 1150 ὅ
927 1097 966 1154 τίς
985 1095 1007 1151 κ’
1018 1098 1138 1168 ἐπίορκον
1153 1097 1267 1164 ὀμόσσῃ,
1286 1102 1364 1163 Υμεις
1380 1093 1448 1163 μόρ-

295 1193 368 1238 rapot
390 1173 460 1226 ἔστε.
496 1173 627 1225 meliora
646 1169 726 1224 caeli.
769 1169 881 1224 Eadem
902 1167 1016 1239 partitio
1034 1177 1077 1222 est
1099 1171 1138 1223 M.
1158 1167 1186 1223 ii.
1206 1168 1257 1236 298
1276 1167 1304 1220 si
1313 1166 1404 1235 freta,
1422 1164 1452 1216 si

296 1249 389 1298 terrae
396 1245 525 1313 pereunt,
538 1243 566 1294 si
575 1243 655 1312 regia
666 1241 744 1296 caeli.
833 1243 883 1296 88.
901 1243 991 1294 Inter·
1002 1243 1145 1294 diuersos
1157 1236 1303 1308 oppositos
1315 1239 1405 1299 polos
1419 1234 1449 1287 in

296 1312 375 1367 omni
388 1312 504 1367 circuitu
517 1311 597 1380 caeli,
610 1320 746 1382 quantum
763 1319 841 1380 patet
860 1309 933 1364 inter
949 1311 1045 1378 polum
1059 1310 1208 1363 Borealem
1220 1309 1447 1374 Australemque.

298 1384 345 1439 Sic
358 1385 391 1439 F.
403 1383 439 1438 vi.
453 1383 505 1450 718
521 1383 613 1452 cinget
623 1383 752 1452 geminos
766 1380 849 1435 stella
864 1397 961 1434 serena
970 1381 1053 1450 polos
1065 1380 1100 1434 de
1115 1378 1243 1434 Lucifero
1256 1377 1450 1432 circumeunte

296 1455 415 1522 caelum,
438 1455 469 1507 F.
490 1452 526 1506 iii.
551 1453 599 1506 106
615 1453 745 1523 geminos
764 1468 820 1504 esse
839 1452 890 1504 sub
911 1468 964 1504 are
980 1451 1070 1521 palos.
1108 1450 1171 1504 Pari
1197 1448 1283 1502 modo
1305 1447 1449 1501 Tellurem

293 1524 405 1579 inducit
418 1523 447 1579 in
468 1526 508 1578 M.
522 1522 540 1576 ii
558 1531 721 1592 querentem
739 1521 800 1575 loui
817 1521 853 1575 de
871 1520 1056 1576 Phaethontis
1075 1519 1207 1574 incendio
1222 1537 1248 1573 u.
1263 1533 1314 1587 293
1329 1518 1415 1587 Quod
1423 1518 1453 1570 si

297 1612 347 1649 nec
355 1595 473 1665 fratris,
488 1592 651 1663 (Neptum),
672 1597 765 1646 necte
781 1609 843 1645 mea
856 1593 958 1663 gratio
976 1595 1078 1663 tangit,
1097 1591 1141 1645 At
1158 1591 1231 1645 caeli
1246 1592 1376 1642 miserere
1394 1588 1448 1647 tui.

299 1666 485 1735 Circumspice
497 1669 669 1733 utrumque:
686 1663 795 1717 Fumat
812 1668 929 1731 uterque
945 1663 1036 1732 palus,
1054 1678 1126 1733 quos
1144 1663 1172 1714 si
1191 1660 1346 1714 uiolauem't
1363 1659 1450 1738 ι’ριιίς,

296 1736 387 1790 Atria
399 1741 494 1789 uestra
505 1739 596 1788 ruent.
633 1749 705 1788 oum
717 1737 793 1788 Ioue
805 1732 898 1801 superi
912 1749 1018 1787 omnes.
1120 1735 1169 1788 70.
1187 1735 1305 1796 optatis
1317 1739 1391 1783 uotrs
1404 1730 1450 1794 87.

297 1809 421 1871 pondus
439 1809 542 1860 inesse
560 1803 662 1858 eodem
680 1819 765 1857 sensu
784 1819 840 1872 quo
853 1804 968 1874 pondus
985 1802 1084 1856 labere
1100 1819 1152 1872 pro
1170 1812 1232 1856 rata
1244 1800 1303 1855 fieri
1319 1801 1450 1868 frequen·

297 1875 375 1931 tauit.
451 1878 495 1931 11.
513 1879 648 1940 Ipsaque
666 1880 703 1928 tu
719 1877 836 1930 Tellus.
870 1873 953 1928 Adis
965 1873 1051 1927 maris
1064 1882 1155 1928 terrae
1168 1872 1239 1927 caeli
1252 1872 1373 1926 adhaec
1386 1869 1451 1938 ipsa

297 1947 439 2000 elementa
457 1963 488 2000 se
507 1947 644 2000 conuertit
663 1943 745 1998 ‘And
763 1945 832 1998 thou
851 1944 901 2012 thy
920 1944 989 1998 selfe
1009 1943 1058 2012 (oh
1077 1945 1173 1998 Tellus
1195 1939 1284 2011 fayre)
1304 1942 1373 1995 thou
1393 1942 1451 1995 Sea

299 2016 365 2070 with
387 2017 424 2071 all
449 2016 499 2084 thy
519 2031 632 2070 wanes:
663 2014 730 2069 And
750 2016 827 2084 Ayer
847 2013 961 2082 highest
983 2015 1015 2068 of
1030 2014 1079 2068 the
1100 2023 1165 2082 rest,
1184 2021 1286 2083 graunt
1304 2012 1379 2066 what
1401 2029 1451 2080 my

299 2103 414 2157 prayers
439 2102 546 2140 craues.
592 2085 658 2138 And
683 2085 735 2139 eke
761 2102 816 2154 you
842 2086 952 2139 Starres
978 2085 1035 2139 and
1058 2084 1171 2138 Phebus
1190 2094 1228 2152 to,
1247 2083 1313 2136 with
1331 2083 1452 2140 beames

299 2157 468 2227 compassed
489 2155 603 2224 bright:
632 2156 715 2210 Thou
741 2157 848 2210 Moone
869 2156 930 2209 also
954 2155 1017 2209 who
1038 2171 1124 2209 never
1143 2155 1223 2222 do’st,
1244 2171 1276 2207 as
1300 2170 1347 2208 ere
1372 2153 1452 2207 shew

299 2228 373 2282 forth
398 2227 449 2296 thy
471 2225 549 2296 light.
599 2226 682 2281 Thou
708 2225 798 2295 Night
829 2226 892 2279 who
922 2225 961 2294 by
991 2227 1041 2294 thy
1071 2225 1193 2279 darknes
1224 2234 1275 2292 art,
1305 2224 1338 2277 ol
1363 2240 1452 2292 many

301 2298 464 2352 honoured:
483 2298 541 2351 and
560 2297 613 2351 eke
631 2313 686 2366 you
705 2297 813 2350 Dames
832 2297 895 2350 who
914 2295 980 2349 with
997 2297 1076 2350 three
1094 2295 1196 2362 hande,
1209 2295 1264 2349 doe
1282 2293 1382 2363 spinne
1401 2294 1452 2348 the

300 2368 406 2423 certain
419 2368 516 2422 thred'
529 2370 562 2422 T.
573 2367 761 2421 Vnderdown.
824 2369 872 2422 12.
890 2368 999 2421 aether
1011 2382 1131 2420 summe
1142 2365 1199 2421 Cic.
1210 2367 1246 2420 N.
1259 2367 1295 2418 D.
1306 2365 1332 2420 ii.
1344 2378 1386 2430 4ο
1401 2379 1449 2420 101

300 2441 420 2494 ultimus
437 2444 465 2492 et
481 2457 500 2492 α
517 2438 665 2492 domiciliis
682 2439 788 2491 nostris
804 2435 962 2491 altissimus
978 2440 1073 2510 omnia
1084 2439 1198 2508 cingens
1209 2441 1236 2490 et
1247 2452 1369 2490 coercens
1381 2434 1456 2489 caeli

299 2511 466 2580 complexus,
488 2510 541 2578 qui
557 2509 629 2562 idem
651 2507 748 2562 aether
767 2514 892 2562 uocatur.
975 2510 1022 2562 73.
1040 2511 1139 2562 radiis
1159 2511 1353 2561 oiroumdata
1374 2509 1452 2564 solie

299 2585 411 2646 imago.
448 2579 567 2634 Videtur
588 2577 769 2633 simulacrum
793 2577 847 2632 sibi
872 2579 977 2647 fingere
1002 2588 1167 2633 coronatum
1192 2577 1286 2646 radiis,
1309 2578 1341 2632 F.
1361 2577 1377 2630 i.
1399 2577 1450 2644 385

300 2653 391 2706 radiis
403 2651 570 2720 Hyperiona
583 2651 711 2703 cinctum.
829 2651 876 2704 74.
894 2665 1067 2714 numquam
1085 2665 1147 2713 quo
1164 2651 1255 2712 prius
1273 2663 1327 2703 ore
1344 2650 1452 2702 micas.

302 2724 342 2776 M.
362 2741 404 2776 xv.
428 2721 476 2789 196
500 2722 561 2774 Nec
576 2724 637 2790 par
656 2725 708 2773 aut
731 2718 825 2773 eadem
846 2726 999 2774 noeturnae
1014 2719 1115 2790 forma
1135 2719 1249 2772 Dianae
1270 2719 1340 2772 Esse
1359 2721 1455 2789 potest

300 2809 444 2862 umquam,
463 2795 624 2861 semperque
643 2789 779 2844 lodzema
798 2797 933 2859 sequente,
952 2792 990 2844 Si
1005 2792 1109 2859 crescit,
1129 2791 1225 2843 minor
1242 2795 1291 2857 est,
1313 2791 1408 2842 maior
1426 2788 1456 2840 si

300 2861 443 2917 contrahit
454 2863 545 2915 orbem
559 2858 692 2927 (Ciofan.)
807 2863 855 2916 75.
872 2864 1075 2915 tenebrarum
1087 2863 1190 2926 speeie
1200 2877 1258 2913 non
1271 2869 1314 2914 est
1327 2857 1452 2914 tenebris

301 2950 372 3003 quas
396 2932 485 2986 oculis
510 2929 623 2999 subicis,
649 2930 700 2985 sed
727 2930 828 2984 eodem
857 2948 941 2986 sensu
969 2948 1026 3001 quo
1054 2931 1130 3000 apud
1156 2930 1321 2984 Ciceronem
1350 2929 1453 2984 dicitur

303 3003 357 3057 Pis.
377 3001 412 3056 xi.
432 3001 551 3072 elsua
569 3004 682 3071 pompa,
698 3001 764 3070 fuit
784 3003 891 3070 species,
913 3002 949 3057 de
969 3003 1048 3057 Orat.
1064 3001 1090 3056 ii.
1110 3015 1151 3068 72.
1170 3015 1222 3069 294
1246 3002 1399 3070 quamdam
1420 3003 1453 3053 in

300 3073 415 3128 diceudo
438 3075 554 3141 speciem
578 3077 662 3140 atque
680 3075 816 3142 pompam
842 3072 961 3142 ‘pomp’
1080 3075 1128 3127 78.
1157 3073 1261 3125 Parcas
1286 3071 1354 3126 dicit
1379 3087 1454 3140 quae

301 3161 366 3198 cum
388 3152 445 3196 tres
467 3142 523 3196 sint
544 3145 664 3206 trtp1iet
685 3145 798 3206 pontes
819 3153 887 3197 nent
909 3160 989 3208 opus
1009 3148 1115 3198 ratum
1137 3143 1184 3196 fila
1205 3141 1255 3196 fati
1275 3141 1344 3195 certi
1363 3151 1391 3196 et
1411 3140 1452 3195 in·

301 3211 452 3268 mutabilis.
476 3214 575 3266 'Cons
593 3212 631 3266 ad
650 3211 710 3267 Liu.
723 3227 776 3279 444
794 3213 883 3267 Stant
899 3219 972 3282 rata,
991 3231 1048 3268 non
1066 3214 1129 3268 ulla
1138 3213 1197 3282 fila
1214 3213 1337 3266 renenda
1355 3228 1451 3266 manu.

302 3287 349 3340 77.
366 3286 525 3338 horrendo
542 3298 711 3338 murmure.
750 3285 929 3338 Burmannus
944 3283 1025 3339 affert
1043 3283 1286 3338 Hermesianactis
1302 3299 1400 3336 uersus
1416 3282 1453 3338 de

303 3354 419 3424 Orpheo
444 3353 521 3422 apud
545 3352 648 3406 inferos
669 3354 773 3408 Athen.
794 3366 844 3422 597
859 3352 943 3408 Ἔνθα
964 3357 1056 3425 Χάρων
1076 3354 1161 3421 κοινὴν
1181 3353 1282 3407 ἕλκεται
1304 3353 1340 3408 είς
1360 3353 1454 3406 ἄκατον

302 3425 392 3494 Ψυχὰς
413 3422 561 3493 οἰχομένων,
583 3421 659 3490 λίμνη
680 3423 702 3476 δ’
722 3424 764 3476 ἐπὶ
787 3426 885 3492 μακρὸν
905 3424 976 3479 sivirei
994 3424 1086 3493 Ῥεῦμα
1107 3425 1161 3478 διὲκ
1180 3424 1303 3493 μεγάλων
1324 3421 1454 3494 συρομένη

302 3494 423 3549 δονάκων.
521 3498 570 3551 78.
594 3497 813 3559 Inperiuratae
830 3511 930 3560 aquae
949 3497 1019 3564 Styx
1037 3497 1080 3550 Di
1095 3496 1176 3558 euius
1194 3497 1293 3548 iurare
1310 3495 1411 3548 timent
1428 3499 1456 3547 et

294 3564 407 3634 fallere·
420 3581 523 3618 numen
542 3566 614 3619 Aen.
629 3564 665 3619 vi.
681 3580 741 3632 324.
828 3569 876 3622 79.
895 3571 1043 3631 Quasque
1061 3565 1235 3620 Eumenides
1253 3567 1360 3619 fenmt
1377 3566 1455 3619 fama

303 3646 347 3690 est
366 3639 472 3690 sedere
490 3639 613 3700 capillis
633 3639 759 3691 utitatis
777 3638 1105 3702 angustiarumque.
1124 3653 1231 3706 angues
1252 3636 1370 3689 innexos
1391 3644 1455 3690 tan·

304 3723 389 3776 quam
410 3705 542 3760 uittarum
561 3705 670 3761 taenias
688 3706 867 3762 habentibus.
904 3710 976 3763 Aen.
988 3708 1035 3762 vii.
1049 3719 1108 3776 352,
1128 3707 1256 3776 Choeph.
1272 3720 1339 3774 1049
1357 3709 1455 3760 πεπλε-

304 3778 453 3845 κτανημέναι
477 3779 587 3832 Πυκνοῖς
611 3777 759 3844 δράκουσιν,
784 3777 831 3831 ubi
858 3777 999 3846 Coningto
1023 3795 1058 3833 ex
1083 3779 1165 3832 Paus.
1188 3776 1206 3832 i.
1229 3777 1271 3831 28.
1293 3777 1310 3830 6
1336 3776 1455 3832 adnotat

303 3846 426 3928 primum
438 3847 611 3916 Aeschylum
625 3847 724 3902 Furias
737 3847 778 3902 sic
790 3859 1026 3917 repraesentasse.
1073 3865 1175 3914 angue
1187 3846 1334 3916 anguibus
1372 3849 1454 3902 Pont.

304 3917 342 3972 rii.
365 3931 459 3984 1.124
482 3918 601 3970 Neraue
625 3919 743 3972 nodosas
766 3934 859 3989 angue
882 3920 1004 3973 Medusa
1028 3936 1125 3974 comas.
1233 3921 1284 3972 80.
1303 3921 1456 3973 carueris.

305 3988 416 4042 Eadem
436 3988 523 4042 uerba
543 3988 579 4042 de
599 3988 700 4042 eadem
721 4005 752 4042 re
774 3991 815 4044 M.
835 3989 870 4044 ἰν.
885 4002 937 4058 453
961 3989 1116 4044 Carceris
1135 3998 1212 4043 ante
1231 3989 1322 4042 fores
1343 3988 1456 4042 clausas

208 4105 224 4128 ¹,
304 4060 455 4112 adamante
465 4059 600 4127 sedebant,
610 4058 708 4128 Deque
718 4059 778 4112 suri
790 4064 867 4113 atros
873 4060 1020 4130 pectebant
1029 4060 1154 4115 cm'nibus
1165 4075 1278 4130 angues.
1311 4060 1345 4112 In
1357 4058 1456 4113 limine

306 4128 372 4183 Orci
395 4138 423 4182 et
443 4128 583 4197 Vergilius
608 4129 702 4198 posuit
722 4131 834 4198 ferreos
855 4131 1048 4186 Eumenidum
1073 4130 1220 4199 thalamos,
1244 4131 1317 4184 Aen.
1335 4128 1371 4184 vi.
1394 4130 1455 4184 280.

304 4203 351 4254 81.
368 4203 459 4264 plebs
477 4215 626 4264 superum
646 4211 825 4268 opponuntur
843 4200 1027 4256 nobilioribus
1045 4205 1086 4256 M.
1099 4201 1117 4256 i.
1133 4213 1190 4269 173.
1228 4201 1273 4254 Ex
1290 4200 1345 4253 hoc
1366 4199 1457 4253 lbidis

304 4269 368 4323 loco
393 4269 512 4338 sumpsit
538 4269 677 4324 Martialis
701 4269 758 4324 viii.
779 4282 819 4340 50.
842 4285 894 4338 2-4
924 4273 1092 4343 Quantaque
1115 4289 1174 4326 uox
1194 4271 1306 4340 superis
1329 4270 1459 4324 amnibus

303 4340 358 4394 illa
366 4339 434 4408 fuit
447 4339 511 4408 Qua
529 4340 615 4393 lanus
632 4341 761 4394 accubuit
773 4343 889 4412 genitor
898 4359 962 4396 cum
975 4344 1054 4413 plebe
1070 4343 1186 4397 dearum
1198 4342 1242 4394 Et
1251 4341 1335 4395 licuit
1345 4341 1459 4395 Faunis

300 4411 502 4489 pascere‘uina
520 4411 616 4464 Iouem
629 4411 787 4480 (Zingerle).
830 4416 912 4466 lares
930 4430 994 4467 cum
1015 4413 1120 4468 Faunis
1140 4411 1296 4480 Satirisque
1313 4410 1457 4466 coniunxit

306 4489 336 4534 ut
355 4488 523 4533 rusticorum
542 4479 692 4549 praecipue
709 4482 826 4538 numina
846 4485 916 4538 Hor.
932 4485 961 4538 C.
976 4483 1013 4538 iii.
1027 4498 1069 4551 23.
1083 4499 1108 4552 4,
1128 4483 1192 4537 Tib.
1205 4481 1222 4536 i.
1240 4497 1261 4536 1.
1275 4496 1318 4536 20.
1406 4485 1457 4538 82.

197 4583 199 4588 -
306 4552 484 4604 semideum
504 4552 544 4604 M.
558 4550 575 4605 i.
592 4564 650 4620 192,
668 4550 722 4606 xiv.
734 4552 795 4620 673.
875 4556 983 4626 83.‚ab
1001 4557 1132 4619 antiquo
1151 4556 1237 4608 Chao
1257 4554 1298 4608 M.
1312 4551 1339 4608 ii.
1352 4567 1406 4622 299
1420 4553 1459 4607 In
