3312 5200
301 445 360 502 1³2
703 437 1054 502 COMMENTARIVS.

299 598 413 660 abiecit.
448 599 522 670 App.
537 599 606 654 Pun.
619 597 654 666 63
667 595 697 651 'A
716 597 831 668 ερῤάνων
846 597 874 651 δέ
890 597 937 665 τῆν
954 595 1053 664 βουλῆν
1070 595 1099 650 έν
1116 595 1241 651 σπονδαῖς
1259 593 1285 650 ἐς
1302 594 1334 648 τά
1352 591 1458 664 φρέατα

299 673 427 734 ἐνέβαλον
440 670 475 739 (ol
489 667 669 740 Καρχηδόνιοι)
682 620 723 722 aii
735 670 767 722 τὰ
779 667 880 735 φρέατα
892 668 1024 738 ἐνέχωσαν
1037 666 1146 735 (Const.
1160 665 1303 734 Fanens.).
1384 667 1457 719 390.

300 747 384 798 tuoto
405 741 509 796 iniecto
530 744 661 806 puluere
681 739 710 794 in
731 739 883 793 ludibrium
902 750 1084 807 mortuorum,
1107 738 1183 808 quod
1205 747 1265 792 erat
1286 735 1460 790 insolentiae

301 813 435 880 Punicae,
443 812 490 882 qui
499 810 626 881 captiuos
635 811 662 865 ές
669 810 786 879 τάφρους
793 811 834 863 καὶ
840 810 971 878 ποταμούς
978 811 1136 878 ἐμβαλόντες
1144 809 1178 864 ὣς
1183 807 1309 878 γεφύραις
1317 807 1460 869 ἐπέβαινον

301 886 375 954 App.
390 884 460 937 Pun.
473 881 508 950 63
522 882 615 950 (Laui.
627 880 812 948 Abstemius).
849 880 970 935 Videtur
985 879 1142 949 respexisse
1155 881 1210 932 hoc
1223 878 1331 932 facinus
1346 878 1461 931 Seneca

302 955 339 1010 de
352 953 433 1008 lraii.
444 953 658 1022 5Hannibalem
666 952 752 1005 aiunt
758 952 864 1006 di‘xisse
871 968 935 1008 cum
936 951 1046 1021 sossam
1055 951 1195 1020 sanguine
1206 949 1330 1002 bumana
1338 949 1461 1018 plenum

301 1025 427 1092 uidisset,
443 1023 633 1093 Osonnosum
644 1023 841 1093 spectaculum.
920 1025 986 1076 991.
1006 1025 1067 1075 Sex
1078 1025 1130 1076 bis
1141 1024 1278 1074 famulae
1292 1021 1333 1073 M.
1346 1019 1380 1073 iv.
1396 1033 1460 1071 220.

303 1096 360 1151 Od.
370 1093 433 1148 xxii.
444 1108 497 1161 4²4
508 1095 582 1146 Τάων
592 1092 720 1162 (δμωάων)
731 1093 845 1146 δώδεκα
856 1094 940 1147 πάσαι
952 1091 1077 1159 ἀναιδείης
1089 1089 1230 1159 ἐπέβησαν.
1260 1091 1357 1144 Potest
1369 1087 1461 1144 etiam

303 1167 341 1222 ad
356 1169 445 1230 procl
459 1163 554 1220 retem·
571 1181 627 1219 sex
643 1167 702 1229 bis,
716 1163 739 1217 si
756 1180 806 1218 eos
823 1163 963 1232 intelligas
982 1161 1029 1232 qui
1046 1172 1126 1217 erant
1139 1160 1185 1228 Ἐξ
1197 1162 1276 1228 αὐτῆς
1286 1160 1386 1225 Ἰθάκης
1398 1159 1461 1211 δυο-

303 1237 408 1290 καίδεκα
422 1235 514 1291 πάντες
530 1234 641 1306 ἄριστοι,
654 1251 827 1304 quamquain
841 1243 917 1288 totus
934 1250 1067 1288 numerus
1085 1242 1199 1290 centum
1216 1241 1244 1286 et
1257 1241 1321 1286 octo
1336 1231 1388 1284 tuit
1403 1229 1460 1284 Od.

303 1306 357 1361 xvi.
372 1317 502 1374 247-251.
573 1308 722 1360 Ioui-idos
762 1305 903 1373 Penelope
921 1304 979 1359 filia
998 1303 1089 1359 Icarii.
1198 1305 1268 1356 392.
1289 1305 1344 1367 qui
1361 1305 1462 1355 dabat:

304 1393 394 1433 arma
416 1375 589 1432 Melanthius
611 1375 664 1430 Od.
684 1375 747 1430 xxii.
769 1390 818 1444 143
835 1372 930 1428 Ἐνθεν
948 1374 1045 1428 δώδεκα
1069 1375 1116 1443 μέν
1134 1371 1205 1428 σάκε’
1223 1373 1305 1441 ἔξελε,
1323 1375 1410 1427 τόσσα
1431 1371 1461 1424 δὲ

304 1449 386 1518 δοῦρα
404 1449 454 1500 Kal
474 1450 574 1501 τόσσας
595 1446 684 1501 κυνέας
703 1446 849 1517 χαλκῆρεας
871 1445 1049 1499 ἱπποδασείας.
1071 1447 1107 1512 Βῆ
1126 1443 1149 1497 δ’
1166 1442 1258 1514 ἴμεναι,
1276 1445 1347 1510 μάλα
1365 1441 1387 1495 δ’
1407 1441 1463 1495 ὦκα

305 1519 395 1589 φέρων
407 1519 568 1587 μνηστῆρσιν
579 1515 679 1571 ἔδωκεν.
787 1519 855 1570 393.
872 1520 955 1570 lauet
971 1525 1001 1570 ut
1015 1515 1097 1574 habel
1108 1529 1169 1583 344.
1204 1517 1308 1569 Aonio
1321 1513 1441 1568 Boeotio
1454 1531 1462 1566 ι

305 1607 375 1644 nam
386 1588 524 1642 Hercules
536 1587 698 1643 Thebanus.
736 1585 899 1640 SicAoniis
911 1587 1011 1641 Tliebis
1024 1589 1063 1640 M.
1074 1585 1120 1640 vii.
1132 1586 1183 1654 763
1193 1585 1360 1655 (Samaga).
1395 1588 1465 1638 luo·

306 1665 393 1715 tator
402 1660 536 1713 Antaeus.
573 1661 698 1724 hospite
709 1658 847 1712 Hercules
857 1675 892 1712 eii
901 1656 1058 1712 Graeciain
1068 1657 1187 1725 Libyam
1195 1665 1318 1710 uenerat.
1347 1657 1414 1709 Luc.
1425 1654 1462 1709 iv.

307 1731 359 1786 612
373 1730 427 1785 Ille
439 1729 570 1784 Cleonaei
578 1730 701 1798 proiecit
711 1733 792 1798 terga
808 1729 904 1795 leonti,
920 1728 1051 1782 Antaeus
1066 1728 1172 1797 Libyci.
1189 1727 1324 1798 Perfudit
1339 1726 1465 1779 membra

306 1802 418 1870 liquore
431 1801 573 1868 Hospes,
589 1800 768 1880 Olympiacae
779 1805 891 1853 seruato
906 1815 982 1853 more
993 1799 1161 1867 palaestrae.
1257 1800 1328 1852 394.
1345 1801 1466 1850 mirum
1508 1851 1511 1857 ,

309 1870 486 1928 interiectum
499 1880 529 1924 ut
543 1871 583 1923 M.
597 1869 643 1923 vii.
654 1883 714 1938 790,
727 1869 762 1923 xi.
776 1882 816 1938 51,
831 1871 863 1925 F.
873 1869 900 1923 ii.
911 1884 971 1937 413.
1004 1869 1052 1924 Sic
1064 1869 1216 1938 indignum
1230 1870 1269 1922 M.
1283 1887 1308 1922 v.
1319 1880 1361 1935 37.
1398 1871 1465 1920 uto-

308 1948 369 2006 tor,
385 1957 457 2002 oum
474 1943 645 2008 occidisset,
663 1957 731 1994 nam
749 1950 826 1996 tacto
844 1942 906 1994 solo
924 1940 1009 1994 fiebat
1027 1938 1153 1994 ualidior.
1192 1941 1258 1994 Luc.
1278 1938 1313 1992 iv.
1334 1939 1383 2006 598
1400 1938 1468 1992 Hoc

308 2029 418 2083 quoque
437 2016 496 2064 tam
518 2016 616 2064 uastas
633 2011 795 2065 cumulauit
813 2011 909 2065 robore
926 2013 1002 2064 uires
1024 2011 1113 2064 Terra
1133 2012 1182 2064 sui
1192 2010 1280 2079 setus,
1299 2009 1382 2079 quod,
1399 2025 1467 2062 cum

308 2083 425 2152 tetigere
431 2085 586 2151 parentem,
599 2083 664 2135 Iam
675 2082 780 2149 desecta
792 2083 891 2205 mim
902 2087 1037 2135 renouato
1049 2082 1145 2134 robore
1159 2073 1290 2134 membra.
1394 2083 1466 2134 395.

310 2168 452 2220 pressere
464 2168 562 2206 secum
573 2153 722 2207 luctantes.
749 2154 823 2221 Apol
834 2152 879 2206 od.
893 2151 920 2206 ii.
937 2164 959 2221 5.
976 2167 1004 2206 ιι
1019 2150 1112 2220 ταύτης
1124 2151 1243 2219 (Λιβύης)
1255 2151 1394 2214 &poenisve
1405 2151 1469 2204 ταῖς

311 2223 475 2277 Ποσειδῶνος
486 2219 610 2289 Ἀνταῖος,
623 2221 651 2278 ὃς
662 2223 723 2277 τούς
734 2223 823 2292 ξένους
834 2222 981 2292 ἀναγκάζων
992 2223 1112 2276 παλαίειν
1124 2221 1218 2289 ἀνῄρει.
1288 2225 1358 2276 396.
1376 2225 1466 2275 Lem-

311 2298 368 2350 nia
379 2297 480 2348 turba
519 2293 603 2348 Vnde
615 2293 662 2347 hic
673 2293 863 2348 Lemniades?
901 2295 1002 2347 Cetera
1015 2292 1092 2346 enim
1104 2293 1177 2346 serie
1193 2308 1287 2347 rerum
1303 2293 1467 2359 cohaerent,

313 2366 386 2420 sicut
408 2363 437 2418 in
456 2363 585 2433 Apollod
605 2363 633 2418 ii.
655 2376 677 2433 5.
700 2379 740 2432 ιι,
759 2366 886 2418 Antaeus
906 2362 1043 2418 Thrasius
1064 2363 1180 2431 Busiris,
1200 2381 1217 2418 a
1239 2380 1295 2432 quo
1319 2362 1410 2416 facilis
1436 2363 1467 2416 fit

312 2434 449 2493 transitus
464 2434 504 2489 ad
522 2434 697 2490 Diomeden:
720 2435 766 2489 uel
787 2445 818 2488 ut
835 2436 902 2489 Her.
923 2434 957 2488 ix.
976 2435 1064 2501 67-74
1083 2433 1290 2504 coniunguntur
1309 2433 1467 2487 Diomedes

315 2506 424 2562 Busiris
437 2507 573 2560 Antaeus.
598 2508 684 2559 ferae
695 2509 791 2560 morti
806 2507 879 2574 Hyg.
897 2517 927 2574 15
940 2506 978 2559 In
993 2505 1091 2559 insula
1103 2505 1208 2558 Lemno
1221 2505 1351 2559 mulieres
1369 2505 1473 2558 Veneri

312 2595 396 2634 sacra
413 2574 525 2646 alipuot
540 2593 629 2630 annos
646 2593 703 2630 non
712 2576 850 2645 fecerant,
862 2578 943 2630 cuius
959 2578 1005 2630 ira
1023 2577 1085 2629 uiri
1100 2592 1199 2630 earum
1216 2575 1349 2629 Thressas
1367 2591 1470 2628 uxores
1539 2629 1546 2644 ‚

314 2649 463 2704 duxeruut
473 2652 502 2700 et
507 2649 620 2716 priores
633 2650 810 2716 spreuerunt.
847 2652 879 2700 at
896 2647 1062 2700 Lemniades
1077 2648 1199 2700 eiusdem
1222 2648 1334 2700 Veneris
1350 2645 1469 2716 ruptelsu

313 2720 486 2786 coniuratae,
503 2733 596 2788 genus
620 2719 750 2771 uirorum
774 2733 861 2785 omne,
881 2717 1017 2786 quodibi
1039 2723 1108 2786 erat,
1128 2718 1334 2787 interjecenent,
1352 2721 1473 2787 praeter

313 2788 502 2859 Hypsipylen,
514 2805 586 2859 quae
592 2791 707 2857 patrem
718 2804 803 2841 suum
816 2787 969 2841 Thoantem
981 2788 1054 2842 clam
1067 2789 1098 2841 iu
1111 2805 1213 2842 nouem
1225 2789 1359 2858 inposuit.
1388 2805 1470 2857 quem

315 2863 465 2929 tempestas
474 2860 505 2912 in
515 2859 640 2914 insulam
653 2859 804 2913 Tauricam
812 2858 924 2913 detulit.
995 2861 1063 2914 397.
1081 2865 1154 2923 post
1162 2863 1292 2924 longum
1304 2868 1369 2928 post
1379 2874 1471 2912 annos

315 2946 428 2984 nouem.
459 2931 492 2984 A.
507 2931 542 2984 A.
555 2929 571 2984 i.
582 2929 634 2996 647
647 2930 766 2984 Dicitur
775 2929 924 3000 Aegyptus
934 2931 1057 2983 carm'sse
1069 2930 1236 2983 iuuantibus
1247 2946 1321 2982 arua
1329 2929 1472 2983 Imbribus

317 3006 402 3069 atque
416 3016 506 3053 annos
522 3001 594 3053 ςίιια
602 3000 696 3069 fuisse
712 3016 819 3054 nouem.
858 3001 930 3054 Cum
947 2999 1085 3053 Thrasius
1098 3002 1221 3054 Busirin
1235 3001 1304 3068 adit,
1317 3004 1470 3054 monstrat·

317 3087 371 3141 que
384 3070 611 3139 piam‘Hospitis
627 3072 713 3139 effuso
728 3072 868 3141 sauguine
880 3075 962 3140 posse
973 3072 1077 3124 Iouem.
1114 3072 1168 3124 Illi
1177 3073 1301 3138 Busin's,
1313 3073 1380 3124 Fies
1391 3072 1473 3124 Iouis

317 3141 410 3196 hostia
424 3141 547 3210 primus,
561 3141 668 3209 Inquit,
680 3147 708 3194 et
719 3141 848 3212 Aegypto
861 3147 893 3195 tu
904 3141 984 3196 dabis
995 3140 1093 3211 ltospes
1104 3159 1216 3211 aquam.
1250 3141 1358 3195 Callim.
1372 3141 1404 3195 fr.
1423 3143 1471 3195 182

319 3209 476 3264 Schneider
484 3207 613 3279 Αἴγυπτος
620 3211 794 3281 προπάροιθεν
804 3209 843 3266 ἐπ’
853 3211 925 3265 ἐννέα
934 3212 1048 3281 κάρφετο
1057 3213 1140 3267 ποίας.
1160 3212 1306 3266 Claudian.
1314 3212 1344 3267 in
1353 3214 1471 3281 Eutrop.

318 3280 336 3336 i.
352 3280 470 3348 159-162
490 3281 540 3334 Sic
558 3283 661 3335 multos
671 3282 770 3350 fluuio
791 3287 870 3336 uates
887 3287 984 3337 arente
1000 3287 1057 3353 per
1072 3299 1170 3351 annos,
1189 3284 1310 3353 Hospite
1327 3285 1381 3352 qui
1396 3299 1473 3338 caeso

316 3353 431 3405 monuit
445 3350 563 3421 placare
585 3352 747 3421 Tonantem,
766 3353 905 3407 quentas
920 3355 1037 3422 primus
1054 3355 1200 3408 Busim'dis
1220 3354 1324 3407 imbuit
1342 3370 1411 3406 aras
1431 3353 1474 3406 Et

320 3422 419 3478 ceci'clit
441 3423 528 3490 saeui,
553 3423 631 3490 quod
650 3424 771 3492 denerat,
796 3423 890 3478 bostra
913 3425 994 3478 sacri.
1068 3429 1150 3478 saort
1174 3429 1345 3479 mostrator
1367 3427 1472 3488 iniqui

319 3491 456 3550 Phrasius
470 3491 610 3562 (Apollod
625 3492 651 3547 ii.
668 3506 690 3562 5.
707 3494 750 3562 ιι)
764 3493 824 3548 siue
841 3505 872 3549 ut
888 3504 931 3549 est
949 3511 993 3564 ap.
1009 3496 1084 3564 Hyg.
1101 3495 1133 3564 56
1151 3505 1180 3550 et
1195 3494 1278 3550 Ouid.
1293 3497 1326 3549 A.
1340 3496 1374 3548 Α
1389 3493 1406 3548 i.
1420 3495 1472 3561 647

320 3562 467 3617 Thrasius.
506 3563 580 3618 Rem
605 3563 646 3618 sic
670 3574 765 3619 narrat
789 3565 920 3634 Apollod.
940 3564 966 3620 ii.
990 3577 1012 3634 5.
1029 3581 1057 3620 ιι
1082 3567 1156 3620 Μετὰ
1177 3563 1276 3634 Λιβύην
1295 3565 1323 3618 δὲ
1342 3563 1475 3636 Αἴγυπτον

316 3631 424 3700 διεξῄει.
447 3631 539 3702 ταύτης
559 3633 697 3698 ἐβασίλευε
717 3633 839 3704 Βούσιρις
857 3635 1053 3691 Ποσειδῶνος
1072 3639 1142 3692 παῖς
1162 3638 1204 3690 καὶ
1223 3637 1409 3704 Λυσιανάσσης
1429 3637 1476 3702 τῆς

322 3704 450 3774 Ἐπάφου.
476 3701 551 3759 οὗτος
566 3705 626 3760 τοὺς
642 3705 731 3772 ξένους
747 3705 819 3760 ἔθυεν
833 3705 876 3759 ἐπὶ
891 3708 972 3778 βωμῷ
990 3708 1052 3762 Διὸς
1069 3707 1132 3761 κατά
1148 3729 1173 3761 τι
1190 3709 1291 3776 λόγιον·
1318 3707 1405 3760 ἐννέα
1422 3707 1475 3777 γὰρ

321 3777 372 3841 έτη
394 3773 508 3845 ἀφορία
528 3774 581 3842 τῆν
601 3773 756 3846 Αἴγυπτον
779 3776 938 3841 κατέλαβε,
960 3777 1097 3847 Φράσιος
1118 3777 1147 3831 δὲ
1167 3778 1266 3832 ἐλθὼν
1286 3778 1319 3831 ἐκ
1340 3775 1474 3847 Κάπρου,

314 3846 428 3916 -μάντις
445 3845 497 3913 τῆν
514 3845 692 3915 ἐπιστήμην,
705 3847 764 3917 ἔφη
782 3847 837 3914 τῆν
852 3845 987 3917 ἀφορίαν
1002 3847 1192 3911 παύσασθαι,
1206 3847 1259 3902 ἐὰν
1273 3848 1363 3916 ξένον
1379 3848 1476 3918 άνδρα

320 3915 362 3988 τῷ
381 3916 431 3972 Διὶ
449 3917 597 3985 σφάξωσι
616 3917 678 3972 κατ’
696 3917 773 3973 ἐτος.
810 3915 931 3987 Βούσιρις
945 3918 973 3972 δέ
988 3919 1084 3973 ἐκεῖνον
1095 3925 1198 3988 πρῶτον
1210 3919 1317 3988 σφάξας
1329 3920 1374 3973 τὸν
1385 3921 1476 3986 μάντιν

320 3986 382 4042 τούς
394 3988 525 4041 κατιόντας
536 3985 624 4055 ξένους
636 3987 744 4058 ἔσφαζε.
769 3988 933 4056 συλληφθεὶς
949 3987 1046 4043 οὖνκαὶ
1058 3987 1190 4058 Ἡρακλῆς
1205 3993 1260 4044 τοῖς
1275 3992 1374 4058 βωμοῖς
1389 4011 1476 4057 προσ-

322 4056 440 4128 εφέρετο,
447 4058 480 4112 τὰ
489 4057 517 4110 δέ
528 4057 611 4124 δεσμὰ
621 4056 758 4139 διαρῥῆξας
766 4060 812 4112 τάν
820 4081 847 4111 τε
858 4057 979 4128 Βούσιριν
986 4061 1027 4112 καὶ
1035 4061 1081 4114 τὸν
1087 4059 1184 4114 ἐκείνου
1192 4060 1272 4114 παῖδα
1278 4057 1477 4129 Ἀμφιδάμαντα

322 4127 425 4209 ἔκτεινε.
461 4127 574 4182 Eadem
594 4128 725 4198 Hyginus
745 4129 786 4198 56,
807 4145 824 4183 a
842 4146 899 4198 quo
921 4130 1057 4184 Thrasius
1079 4130 1262 4199 Pigmalionis
1283 4130 1364 4199 filius,
1382 4131 1477 4185 fratris

325 4198 472 4266 Busiridis,
485 4199 649 4267 appellatur.
689 4201 827 4254 Canterus
837 4200 886 4270 (ad
897 4200 961 4270 Lyc.
975 4200 1034 4270 158)
1043 4203 1136 4255 locum
1150 4201 1286 4256 intellexit
1298 4202 1334 4257 de
1349 4201 1477 4270 Molpide

325 4269 398 4321 Eleo
412 4268 468 4335 (τοῦ
481 4271 540 4334 Ζηνὶ
552 4269 744 4336 δαιτρευθέντος
755 4268 870 4341 Ὀμβρίῳ
888 4270 965 4340 δέμας
985 4273 1052 4340 Lyc.
1068 4272 1127 4341 159)
1142 4271 1189 4342 qui
1206 4283 1236 4327 ut
1253 4273 1358 4326 famem
1376 4289 1476 4354 procu-

323 4347 399 4392 raret
412 4355 468 4408 qua
480 4338 541 4393 Elis
553 4341 734 4408 premebatur
750 4340 811 4411 ipse
826 4358 858 4396 se
874 4359 909 4396 ex
925 4343 1039 4397 oraculo
1051 4342 1257 4397 immolandum
1270 4342 1408 4412 praebuit,
1421 4359 1479 4412 quo

324 4408 401 4462 facto
410 4409 503 4464 εὐθέως
512 4410 607 4480 ἐρράγη
617 4411 696 4466 ύετός·
716 4412 740 4464 ol
749 4413 777 4464 δέ
787 4410 888 4465 Ἠλεῖοι
900 4412 1026 4480 ἐποίησαν
1035 4412 1161 4483 Ὀμβρίου
1171 4416 1232 4470 Διὸς
1244 4415 1320 4482 ἱερὸν,
1333 4414 1361 4466 έν
1373 4409 1393 4484 ᾦ
1406 4415 1480 4467 ἐστιν

324 4477 486 4544 triparcos
499 4481 643 4535 Minoidos.
679 4481 785 4550 (Schol.
800 4481 963 4537 Marcianus
976 4484 1013 4538 ad
1027 4485 1093 4553 Lyc.
1110 4484 1179 4553 159.)
1258 4487 1328 4539 999.
1345 4488 1480 4538 uictima

326 4562 436 4603 coesus
453 4564 505 4644 pro
523 4549 647 4606 uictima.
684 4554 759 4622 Hyg.
771 4553 805 4623 56
817 4553 853 4610 de
865 4553 986 4610 Thrasio
993 4557 1144 4625 promissis
1146 4555 1236 4626 fidem
1249 4554 1320 4626 ipse
1332 4555 1480 4610 immola·
