3312 5200
314 405 373 464 130
716 400 1065 464 COMMENTARIVS.

313 566 406 614 erant
420 556 431 628 (
432 557 467 626 36
470 569 492 628 ς,
502 557 540 628 6),
548 559 693 629 paenitere
704 560 794 630 coepit
804 559 880 630 regis
890 559 1083 613 crudelitatem
1095 559 1205 612 timeus.
1235 558 1332 628 itaque
1343 547 1468 628 Myrtilo

312 632 433 700 aurigae
447 631 509 683 eius
519 631 665 700 persuasit
676 645 849 700 regnumque
860 631 889 683 ei'
901 631 1053 684 dimidium
1062 630 1217 699 pollicetur
1226 631 1255 682 si
1263 646 1292 682 se
1303 629 1466 683 adiuuaret.-

304 701 366 772 fide
381 701 450 754 data
462 701 603 770 Myrtilus
617 718 735 756 currum
751 703 850 754 iunxit
862 705 890 754 et
904 701 1000 754 clauos
1011 703 1043 754 iri
1060 706 1137 754 ratas
1149 716 1205 753 uon
1217 702 1334 754 coniecit
1341 718 1352 754 .·
1370 702 1468 769 itaque

312 773 391 842 equis
414 773 548 839 incitatis,
581 788 709 825 currum
733 771 905 826 defectum
931 770 1092 825 Oenomai
1122 770 1198 841 equi
1225 770 1465 826 distraxerunt.

314 842 385 912 (367,
399 843 436 910 8).
466 842 569 910 Pelops
579 859 643 896 cum
656 842 853 914 Hippodamia
865 848 893 895 et
903 842 1026 911 Myrtilo
1043 843 1157 895 domum
1176 842 1269 895 uictor
1284 858 1349 895 eum
1361 843 1469 896 rediret

312 914 451 983 cogitauit
460 913 516 966 sili
525 913 706 983 approbrium
713 913 854 982 futurum
866 918 893 966 et
907 912 1044 981 Myrtilo
1057 912 1153 966 fidem
1166 922 1340 982 praestare
1357 912 1467 967 noluit

313 1000 451 1053 eumque
471 983 503 1037 in
523 1000 612 1038 mare
632 982 880 1053 praecipitauit,
893 1001 911 1038 a
924 1000 988 1053 quo
1003 985 1170 1052 Myrtoum
1186 983 1326 1052 pelagus
1344 992 1396 1037 est
1414 999 1467 1053 ap-

312 1055 472 1124 pellatum
487 1052 640 1123 (369-370).
722 1057 790 1108 365.
808 1057 941 1108 iuuenes
959 1053 1037 1124 proci
1057 1053 1277 1122 Hippodamiae,
1330 1057 1468 1118 uestigia

312 1125 401 1194 pedes
411 1125 471 1178 Cat.
480 1125 543 1179 lxiv.
554 1126 611 1193 162,
621 1126 686 1179 Sen.
696 1125 767 1193 Thy.
777 1139 844 1193 1039
853 1125 952 1194 Rupta
955 1126 1063 1196 fractis
1075 1125 1204 1178 cruribus
1213 1125 1341 1194 uestigia.
1398 1129 1466 1178 366.

312 1197 456 1250 Brachia.
476 1196 506 1249 F.
513 1194 529 1248 i.
538 1207 587 1264 557
598 1195 708 1250 deCaci
717 1205 798 1250 antro
807 1196 866 1249 Ora
874 1198 962 1264 super
967 1195 1465 1265 postesaffixaquelracliiapendent.

312 1269 382 1320 363.
401 1269 548 1321 Proditor
568 1265 699 1334 Myrtilus
717 1270 805 1321 saeui
822 1270 952 1331 tyranni
965 1265 1115 1334 Oenomai,
1127 1283 1195 1320 nam
1208 1265 1344 1320 tredecim
1359 1265 1465 1334 (Schol.

312 1338 366 1406 Ap.
379 1338 411 1390 R.
423 1336 439 1390 i.
452 1349 502 1405 752
516 1353 550 1390 ex
564 1335 698 1403 Pindaro)
707 1338 753 1390 uel
766 1336 917 1391 duodecim
928 1337 1028 1404 (Tzetz.
1040 1336 1077 1390 ad
1087 1337 1152 1404 Lyc.
1167 1337 1227 1405 156)
1238 1353 1340 1405 procos
1353 1335 1411 1390 iam
1424 1336 1467 1390 in·

313 1408 469 1462 terfecerat.
480 1406 579 1476 (Salu.)
637 1410 705 1463 370.
718 1410 942 1462 nominasent.
962 1408 1027 1475 Lyc.
1038 1408 1087 1473 164
1095 1407 1130 1460 de
1141 1407 1256 1475 Myrtilo
1266 1406 1468 1476 φερωνύμους

313 1477 619 1548 ἔδυγεΝηρέωςεάφους.
656 1482 720 1533 371.
731 1482 872 1532 uelooem
881 1482 1027 1543 puellam.
1047 1478 1211 1532 Atalantam
1219 1477 1306 1531 filiam
1316 1477 1466 1547 Schoenei,

312 1566 385 1620 quae
393 1550 502 1603 uirtute
509 1565 563 1601 sua
574 1565 661 1603 cursu
673 1550 752 1602 uiros
763 1549 914 1618 superabat
923 1551 998 1618 Hyg.
1008 1549 1064 1617 185.
1119 1551 1186 1603 372.
1200 1552 1285 1601 Dum
1297 1548 1390 1603 donec
1403 1559 1467 1602 tan·

313 1621 389 1674 dem.
413 1623 516 1685 pomis
528 1623 633 1674 tribus
643 1621 718 1688 Hyg.
732 1621 762 1672 18
766 1631 779 1688 5
788 1619 940 1688 Plerosque
948 1637 1011 1673 cum
1021 1622 1179 1688 superasset
1187 1624 1214 1672 et
1222 1620 1467 1674 occidissetnauis·

312 1692 382 1744 sime
393 1691 427 1744 ab
439 1692 617 1760 Hippomene
628 1691 761 1760 Megarei
770 1696 797 1743 et
805 1691 936 1760 Meropes
939 1690 1007 1759 filiii
1017 1692 1093 1744 uicta
1105 1694 1154 1743 est.
1190 1689 1236 1743 liic
1246 1691 1321 1743 enim
1333 1707 1353 1743 a
1367 1691 1468 1744 Venere

313 1762 391 1814 mala
402 1763 462 1815 tria
473 1762 596 1832 insigmis
598 1761 714 1830 formae
725 1764 875 1830 acceperat,
887 1762 997 1815 edoctus
1009 1762 1073 1829 quis
1085 1777 1154 1813 usus
1165 1761 1196 1814 iu
1209 1762 1249 1814 eis
1260 1765 1335 1815 esset.
1372 1762 1468 1830 quiin

312 1833 374 1901 i'pso
385 1833 536 1885 certamine
547 1832 678 1886 iactanda
687 1833 800 1903 puellae
810 1833 946 1901 impetum
958 1832 1102 1901 alligauit.
1127 1831 1182 1885 illa
1193 1833 1268 1884 enim
1276 1832 1346 1884 dum
1358 1832 1471 1902 colligit

312 1908 341 1955 et
348 1903 524 1956 ammiratur
530 1919 643 1969 aurum,
652 1902 807 1957 declinauit
815 1908 843 1955 et
854 1903 955 1956 iuueni
965 1903 1114 1955 uictoriam
1124 1903 1252 1969 tradidit,
1262 1919 1335 1972 quae
1348 1920 1382 1957 ex
1392 1905 1431 1956 M.
1440 1922 1465 1956 x.

315 1972 438 2041 560-680
449 1971 595 2040 Hyginum
607 1973 762 2042 sumpsisse
775 1972 899 2027 ostendit
912 1975 1001 2027 Maur.
1015 1972 1151 2027 Schmidt.
1211 1976 1276 2028 373.
1292 1977 1354 2037 qui.
1388 1973 1466 2027 Dicit

312 2043 425 2097 Eiectos
442 2044 558 2097 iuuenes
574 2044 664 2098 simul
679 2049 706 2097 ei
724 2045 806 2098 decus
825 2045 1013 2113 innuptarum
1034 2060 1105 2113 quos
1124 2043 1234 2097 crudeli
1247 2047 1327 2113 peste
1344 2049 1467 2098 coactam

312 2113 532 2185 Androgeoneae
583 2130 650 2167 enas
666 2114 794 2168 euoluere
809 2115 900 2168 caedis
913 2115 1074 2183 Cecropiam
1090 2115 1203 2167 sali'tam
1219 2131 1275 2167 esse
1286 2115 1386 2184 dapem
1398 2115 1468 2168 clare

312 2185 482 2239 Minotauro
494 2194 538 2238 tra
559 2183 580 2238 it
594 2185 720 2239 Catullus
732 2184 796 2239 lxiv.
807 2185 901 2250 76-80.
963 2190 1048 2240 teuta
1060 2183 1242 2252 ‘chambers,'
1256 2186 1316 2239 Cat.
1330 2184 1393 2239 lxiv.
1409 2197 1465 2254 115.

312 2259 391 2311 noui
408 2266 439 2309 ut
453 2257 596 2325 portentis
610 2257 694 2309 nauis
707 2257 788 2325 Prop.
803 2255 840 2309 iii.
855 2253 913 2325 (iv.)
927 2270 968 2308 22.
984 2256 1025 2308 28.
1097 2253 1233 2310 mon'stri
1252 2256 1312 2310 Cat.
1326 2255 1390 2310 lxiv.
1408 2271 1465 2310 101.

313 2329 382 2382 374.
401 2342 510 2380 caecae
529 2343 593 2379 cum
612 2326 752 2380 subterra
770 2335 854 2395 esset,
870 2335 955 2396 atque
973 2325 1039 2380 ideo
1057 2323 1118 2380 sine
1137 2325 1267 2380 fenestris
1286 2327 1332 2381 uel
1350 2326 1465 2382 lumine.

313 2397 404 2451 Varro
424 2398 454 2452 1.
470 2398 499 2450 L.
518 2395 552 2450 ix.
573 2397 605 2465 58
624 2398 653 2450 si
659 2397 818 2466 fenestram
836 2397 998 2464 nonhabet,
1017 2397 1128 2450 dicitur
1142 2414 1259 2452 caecum.
1279 2399 1349 2450 Aen.
1369 2415 1393 2450 v.
1415 2399 1477 2466 589.

313 2468 475 2522 Parietibus
493 2473 600 2520 textum
618 2469 705 2521 caecis
721 2469 782 2522 iter.
854 2483 921 2522 non
936 2469 1098 2521 redeurma
1115 2467 1191 2522 unde
1207 2484 1264 2521 non
1282 2477 1342 2521 erat
1359 2468 1466 2522 reditus

315 2539 344 2592 in
368 2540 460 2593 lucem
485 2548 599 2608 propter
619 2539 839 2593 inextricabilem
860 2540 968 2592 exitum
992 2540 1065 2605 Hyg.
1087 2553 1131 2604 40.
1173 2539 1292 2592 Cosmas
1317 2538 1355 2592 ad
1380 2540 1465 2608 Greg.

315 2611 383 2665 Naz.
403 2627 429 2679 p.
449 2609 498 2663 621
522 2608 621 2678 Migne
643 2610 773 2676 σπηλαῖον
793 2608 920 2677 άντρῶδες
940 2610 982 2662 καὶ
1003 2607 1134 2662 δύσκολον
1154 2609 1213 2679 περὶ
1232 2609 1279 2676 τὴν
1296 2609 1408 2662 κάθοδον
1424 2611 1466 2663 καὶ

314 2679 440 2750 δυσχερές
458 2680 516 2748 περὶ
533 2680 580 2746 τὴν
598 2679 697 2732 ἄνοδον.
830 2683 898 2734 375.
916 2682 1071 2734 Aeacides
1087 2678 1224 2734 Achilles.
1305 2681 1468 2735 uiolentus

315 2750 452 2806 Horatius
471 2751 507 2805 de
525 2749 636 2804 Achille
654 2751 686 2804 A.
707 2751 738 2804 P.
759 2765 805 2804 121
826 2750 982 2804 iracundus
999 2751 1181 2804 inexorabilis
1199 2767 1264 2803 acer
1279 2749 1327 2804 ubi
1345 2751 1468 2805 afferunt

315 2823 348 2876 ll.
357 2841 399 2876 xx.
410 2821 462 2888 467
473 2821 510 2874 Οὔ
522 2823 573 2890 γάρ
584 2843 609 2874 τι
618 2820 780 2890 γλυκύθυμος
791 2820 854 2890 α’νὴρ
867 2818 905 2888 ἦν,
914 2819 968 2873 οὐδ’
980 2821 1143 2908 ἀγανόφρων,
1153 2819 1237 2874 Ἀλλὰ
1249 2819 1309 2889 μάλ’
1323 2821 1467 2890 ἐμμεμαώς.

313 2896 414 2947 altum
429 2893 461 2946 Il.
474 2891 547 2946 xxiii.
562 2891 611 2957 164
625 2891 768 2959 Κηδεμόνες
786 2891 814 2944 δὲ
830 2889 890 2961 παρ’
902 2889 960 2945 αὖθι
975 2913 1060 2960 μενον,
1073 2893 1114 2944 καὶ
1130 2891 1203 2960 νήεον
1219 2889 1291 2960 ὕλην,
1304 2893 1423 2958 Ποίησαν
1439 2893 1468 2946 δὲ

313 2962 396 3033 πυρὴν
410 2963 582 3028 ἑκατόμπεδον
594 2961 654 3015 ἔνθα
666 2964 706 3015 καὶ
719 2962 787 3015 ἔνθα.
875 2965 943 3017 376.
963 2965 1103 3028 corporo.
1116 2961 1266 3016 duodecim
1280 2962 1467 3017 Troianorum

314 3050 386 3102 quos
400 3033 529 3087 Patroclo
541 3031 684 3087 mactauit.
739 3049 811 3087 oum
824 3037 908 3087 senis
921 3037 1021 3087 utera
1033 3049 1109 3089 sena
1122 3034 1155 3088 ll.
1168 3032 1242 3088 xxiii.
1259 3045 1306 3102 175
1321 3033 1426 3086 Δώδεκα
1438 3035 1468 3087 δὲ

314 3105 407 3171 Τρώων
418 3101 572 3171 μεγαθύμων
584 3103 652 3157 υἱέας
663 3102 776 3158 ε’σθλοὺς
788 3103 882 3174 Χαλκῷ
894 3103 986 3169 δηϊόων
1000 3102 1158 3172 (ε’νέβαλλε).
1256 3107 1322 3159 377.
1340 3108 1469 3158 obscuri

313 3176 416 3228 lucios
426 3174 766 3243 ambagibusorlsquod
774 3173 905 3242 aenigma
915 3175 1024 3229 soluere
1034 3192 1091 3228 non
1100 3184 1225 3244 possent.
1246 3175 1468 3265 Soph.O.T.13o

315 3243 493 3315 ἡποικιλῳδδς
501 3243 596 3314 Σφίγξ.
667 3247 736 3300 378.
749 3248 905 3299 infandae.
925 3246 1032 3300 Phoen.
1046 3247 1097 3312 807
1108 3247 1224 3333 Σφιγγός
1235 3287 1257 3301 ..
1270 3287 1277 3300 .
1294 3253 1317 3298 A
1325 3265 1389 3298 ποτε
1399 3246 1467 3298 Καδ-

313 3315 409 3384 μογενῆ
426 3314 604 3383 τετραβάμοσι
622 3316 716 3383 χαλαῖς
727 3316 832 3385 Τεὶχεσι
849 3317 1027 3385 χριμπτομένα
1038 3314 1120 3386 φέρεν
1131 3317 1232 3386 αἷθερος
1249 3316 1285 3370 εἷς
1299 3315 1398 3379 ἄβατον
1409 3318 1469 3385 φῶς

315 3386 417 3438 Γένναν.
449 3405 459 3425 ·
470 3387 617 3440 379-880,
632 3386 722 3441 Tzetz.
732 3387 769 3440 ad
781 3388 846 3455 Lyc.
857 3388 909 3455 987
920 3389 993 3441 Μετὰ
1005 3385 1034 3440 δέ
1046 3384 1178 3454 τηνἸλιόυ
1188 3386 1319 3456 πόρθησιν
1330 3388 1468 3457 φυγόντων

314 3461 366 3510 τῶν
372 3457 466 3525 Τρώων
477 3455 513 3511 εἷς
520 3453 640 3523 Ἰταλίαν,
650 3458 823 3525 Κροτωνιᾶται
835 3456 1013 3525 βοηθήσαντες
1024 3459 1077 3512 τοῖς
1090 3457 1118 3510 έν
1129 3456 1226 3525 Ἰταλίᾳ
1238 3455 1338 3512 τούτοις
1350 3460 1468 3526 φυγοῦσι

314 3527 411 3597 Τρωσί,
424 3525 596 3594 στρατεύουσι
609 3524 663 3580 κατ’
675 3527 758 3581 αὐτῶν
769 3528 832 3580 κατὰ
843 3529 889 3594 τῆς
901 3527 1010 3598 Σίριδος,
1024 3529 1065 3581 καὶ
1079 3527 1175 3584 πάντας
1191 3527 1251 3583 τοὺς
1262 3525 1354 3582 Ἴωνας
1370 3527 1406 3598 τῷ
1422 3530 1469 3596 τῆς

314 3593 423 3664 Ἀθηνᾶς
434 3599 485 3668 ναῷ
497 3599 693 3685 καταφυγόντας
704 3597 814 3665 ἀνεῖλον,
822 3596 879 3668 μεθ’
888 3598 923 3651 ὧν
932 3601 1084 3652 συνανεῖλαν
1092 3599 1133 3653 καὶ
1145 3600 1191 3666 τῆς
1202 3598 1293 3668 ἷερεῖας
1304 3600 1349 3665 τῆς
1360 3596 1469 3666 Ἀθηνᾶς

314 3669 403 3735 παῖδα,
417 3667 523 3736 ὀνόματι
538 3676 682 3738 Ληταρχον,
694 3669 837 3740 γυναικείαν
852 3668 951 3736 ε’σθῆτα
966 3667 1140 3738 ἐνδεδυμένον·
1159 3670 1206 3722 διὸ
1225 3668 1240 3735 ἡ
1258 3667 1366 3736 Ἀθηνᾶ
1384 3669 1470 3738 όργι·

315 3739 428 3794 σθεῖσα
448 3739 570 3806 ἤμυσεν,
592 3741 669 3792 ὥστε
690 3739 728 3807 μὴ
749 3740 884 3802 βλέπειν.
921 3741 995 3795 Rem
1013 3749 1128 3795 narrant
1148 3740 1316 3810 Lycophron
1335 3741 1467 3809 988-992,

317 3810 442 3864 Iustinus
455 3827 498 3864 xx.
512 3825 527 3863 2
541 3827 625 3880 quem
638 3810 667 3862 in
680 3809 795 3864 scholiis
808 3809 902 3865 citaui.
1010 3813 1078 3866 373.
1096 3814 1267 3866 Bistoniae.
1304 3812 1342 3865 Et
1356 3810 1427 3865 Siris
1440 3821 1467 3866 et

316 3881 443 3938 Lucania
455 3879 617 3935 communia
630 3879 730 3935 ltaliae
743 3898 808 3934 cum
821 3879 978 3935 Thracibus
991 3881 1115 3935 nomina
1154 3882 1252 3950 Steph.
1267 3882 1299 3935 B.
1313 3881 1385 3948 Σίρες
1396 3881 1469 3936 ἔθνος

316 3953 418 4018 Θράκης
435 3951 499 4021 ὑπὲρ
517 3951 577 4005 τούς
596 3952 746 4016 Βυζαντίους
759 3951 900 4021 (Merkel).
916 3951 1059 4006 Heraclid.
1080 3954 1161 4007 Pont.
1180 3952 1212 4006 sr.
1225 3951 1269 4005 xxi
1289 3951 1318 4005 in
1339 3949 1468 4006 Muelleri

316 4023 430 4091 Fragm.
442 4021 516 4076 Hist.
528 4022 628 4075 Graec.
639 4021 665 4075 ii.
677 4038 704 4090 p.
715 4024 766 4076 218
775 4021 809 4074 ‘H
820 4022 970 4093 Σαμοθράκη
982 4024 1011 4075 τὸ
1024 4023 1071 4089 μέν
1083 4023 1113 4090 ἐξ
1125 4022 1206 4094 ἀρχῆς
1218 4023 1335 4076 ε’καλεῖτο
1345 4023 1469 4075 Λευκανία

316 4093 358 4146 διά
380 4094 409 4146 τὸ
429 4092 506 4160 λευκὴ
526 4087 599 4145 εἶναι·
620 4090 729 4160 ὕστερον
748 4093 776 4145 δὲ
797 4099 904 4162 Θρακῶν
921 4095 1106 4162 κατασχόντων
1124 4094 1228 4162 Θρακία.
1268 4093 1345 4146 Hinc
1365 4093 1394 4146 in
1414 4092 1468 4147 Siri

318 4163 418 4217 Italica
436 4163 573 4232 templum
592 4162 731 4217 Thraciae
748 4163 896 4219 Mineruae
914 4164 1101 4218 condiderant
1119 4163 1180 4219 siue
1199 4162 1252 4234 ipsi
1270 4163 1393 4232 Siritani,
1407 4163 1469 4219 siue

316 4233 444 4303 inquilini
455 4235 581 4287 Thraces
592 4234 836 4303 Samothracesue‚
850 4235 1091 4305 quemadmodum
1103 4251 1149 4304 ap.
1160 4236 1226 4305 Lyc.
1237 4237 1289 4304 958
1299 4234 1468 4289 Phoenoda·

316 4304 421 4358 mantis
440 4304 514 4359 filiae
533 4303 561 4356 in
580 4302 676 4358 Sicilia
692 4304 823 4359 dicuntur
835 4307 972 4375 templum
985 4305 1103 4360 Veneris
1117 4305 1276 4360 Zerinthiae
1288 4307 1317 4362 h.
1330 4322 1355 4362 e.
1369 4306 1469 4359 Samo-

316 4373 442 4428 thraciae
460 4374 637 4430 exstruxisse.
674 4375 729 4428 Alii
749 4376 786 4430 ad
805 4376 944 4431 Troianos
962 4377 1036 4431 hanc
1057 4376 1205 4431 Mineruae
1223 4385 1348 4431 statuam
1366 4375 1469 4430 refere-

316 4444 395 4512 bant,
408 4454 438 4498 ut
458 4445 560 4499 Strabo
579 4462 663 4515 quem
682 4462 749 4500 mox
766 4446 901 4504 citaturus
920 4465 992 4503 sum.
1028 4449 1176 4501 Bistonius
1189 4447 1294 4502 Ouidio
1307 4448 1325 4503 i.
1338 4464 1365 4517 q.
1379 4447 1468 4500 Thra·

318 4513 377 4568 cius
393 4515 478 4569 Pont.
498 4514 515 4570 i.
535 4529 559 4583 3.
580 4527 621 4584 59,
640 4515 674 4580 iv.
697 4528 720 4584 5.
739 4528 782 4585 35.
874 4520 944 4573 380.
965 4519 1030 4588 Lyc.
1049 4519 1102 4588 988
1121 4516 1229 4587 Γληναις
1249 4517 1272 4571 δ’
1290 4518 1396 4588 ἄγαλμα
1412 4518 1469 4572 ταῖς
