3312 5200
301 455 359 516 140
698 448 1047 513 COMMENTARIVS.

299 619 328 666 et
341 608 402 680 ipse
415 605 546 664 dominus
560 607 764 678 Cassandreae,
777 611 905 664 domino
920 624 987 663 non
1002 610 1110 662 mitior
1125 609 1182 662 sslo
1197 606 1224 660 h.
1236 622 1259 660 e.
1273 613 1342 660 noto
1357 605 1406 660 illo
1421 614 1452 660 et

300 679 397 735 infami
423 679 605 749 Apollodoro,
629 679 676 749 qui
707 689 819 749 praeter
848 689 957 734 ceteros
987 678 1089 733 meruit
1119 679 1313 732 Cassandreus
1343 677 1450 731 uocari.

300 755 370 806 402.
384 755 507 815 ingesta
519 766 604 819 supra
614 749 763 805 cumulata.
790 751 861 804 Μ.ν.
871 751 923 818 346
936 751 1020 803 Vasta
1030 751 1177 820 Giganteis
1186 750 1295 819 ingesta
1303 753 1346 801 est
1352 748 1452 801 insula

301 822 430 876 membris
446 821 599 876 Trinacris.
741 823 812 874 463.
830 823 1027 875 Abantiades
1040 821 1159 875 Perseus
1179 818 1251 872 filius
1264 820 1391 886 Danaes,
1405 817 1451 871 cui

301 904 382 963 pater
399 891 534 959 Acrisius,
553 907 623 946 auus
641 890 729 958 Abas,
741 891 870 961 Apollod
885 891 912 945 ii.
927 906 951 946 2.
968 907 989 945 1.
1027 893 1149 954 Danaen
1163 894 1251 959 pater
1267 889 1299 943 ab
1315 893 1452 958 stuprum

300 964 439 1018 inclusam
451 964 483 1016 in
495 978 637 1016 arcarum
649 962 750 1016 Perseo
761 963 792 1016 in
805 979 883 1015 mare
893 963 998 1016 deiecit.
1011 979 1043 1015 ea
1055 962 1202 1014 uoluntate
1213 961 1293 1014 Iouis
1303 960 1399 1014 delata
1411 964 1454 1012 est

301 1034 333 1088 in
345 1035 470 1088 insulam
482 1031 636 1102 Seriphum
652 1033 727 1100 Hyg.
739 1032 783 1100 63.
820 1032 959 1087 Fabulam
978 1032 1101 1086 narrauit
1121 1031 1282 1086 Simonides
1300 1029 1452 1084 notissimo

302 1104 427 1158 carmine
439 1103 471 1157 fr.
485 1115 517 1171 37
532 1103 626 1172 Bergk
633 1100 696 1156 Ὅτε
708 1103 815 1170 λάρνακι
826 1103 855 1156 ἐν
867 1101 989 1171 δαιδαλέᾳ
1002 1104 1078 1157 κ.τ.λ.
1126 1105 1285 1167 Cygneius
1301 1103 1347 1155 uel
1359 1111 1390 1154 ut
1403 1099 1451 1156 alii

302 1175 385 1230 codd.
409 1177 582 1240 Lyrnesius
604 1176 698 1228 heros
722 1183 765 1228 est
790 1174 892 1228 Tenes.
937 1173 1022 1227 Diod.
1041 1192 1067 1228 v.
1087 1174 1129 1240 83.
1148 1188 1165 1239 4
1190 1171 1288 1226 Κύκνον
1312 1174 1382 1238 φασι
1406 1173 1453 1223 τὸν

301 1245 400 1314 πατέρα
408 1243 585 1298 πιστεύσαντα
593 1246 711 1314 γυναικός
720 1244 854 1306 διαβολαῖς
863 1244 959 1298 ἀδίκοις
967 1246 1012 1298 τόν
1022 1245 1076 1297 υἱὸν
1087 1244 1165 1310 Τένην
1177 1243 1213 1298 εἷς
1221 1243 1334 1312 λάρνακα
1346 1241 1453 1295 ἐνθέντα

302 1316 494 1370 καταποντίσαι·
512 1313 607 1382 ταύτην
619 1313 647 1366 δέ
663 1315 713 1367 ὑπὸ
725 1318 771 1368 τοῦ
784 1314 913 1369 κλύδωνος
925 1313 1070 1383 φερομένην
1081 1313 1284 1401 προσενεηηθῆνοι
1299 1313 1331 1380 τῇ
1344 1313 1452 1385 Τενέδῳ,

302 1386 343 1440 καὶ
361 1387 406 1440 τόν
423 1386 503 1450 Τένην
519 1385 672 1453 παραδόξως
688 1385 805 1439 σωθέντα
823 1386 889 1440 θεῶν
906 1401 974 1439 τινος
990 1385 1098 1454 προνοίᾳ
1117 1387 1161 1450 τῆς
1183 1406 1263 1452 νησον
1282 1385 1450 1447 βασιλεῦσαι.

304 1455 448 1512 Heraclid.
468 1454 577 1510 Pontic.
596 1471 621 1525 p.
636 1469 688 1523 213
708 1457 817 1510 Miiller.
855 1456 987 1510 Tenedos
1008 1457 1148 1524 Lyrnesos
1167 1455 1243 1509 dicta
1262 1453 1333 1509 Plin.
1350 1472 1375 1508 v.
1394 1468 1453 1520 140.

304 1527 459 1582 Pausanias
484 1526 532 1580 ubi
556 1543 616 1580 rem
640 1536 735 1580 narrat
759 1545 785 1582 x.
810 1542 842 1593 ιη
866 1526 935 1581 dicit
959 1529 1058 1581 Tenen
1080 1543 1145 1580 cum
1166 1542 1262 1579 sorore
1288 1523 1452 1592 Hemithea,

302 1599 402 1653 fraude
425 1612 565 1652 nouercae
590 1597 789 1665 Phylonomes,
814 1614 886 1667 quae
911 1599 1010 1652 Tenen
1034 1598 1137 1651 frustra
1161 1605 1277 1665 amaret,
1302 1594 1331 1648 in
1356 1612 1453 1658 arcam

303 1669 462 1723 coniectos:
476 1678 504 1723 et
514 1668 555 1722 sic
566 1668 734 1737 Lycophron
743 1683 803 1736 231,
812 1670 845 1722 cf.
860 1680 910 1736 235
922 1669 1149 1738 λαρνοκοφθόρουκ
1160 1666 1248 1733 ριφάα.
1301 1669 1372 1719 465.
1381 1670 1453 1719 Vio-

302 1744 382 1795 tima
394 1742 540 1794 macteris
552 1738 586 1791 ci.
592 1739 644 1806 398
654 1741 771 1793 uictima
784 1756 885 1794 caesus.
905 1737 1096 1793 Liu.xxxix.1o
1104 1739 1140 1792 Vt
1150 1739 1267 1806 quisque
1275 1738 1455 1790 introductus

302 1813 342 1864 sit
354 1811 393 1879 (in
407 1809 579 1877 Bacchanal)
593 1809 673 1862 uelut
684 1811 830 1863 uictimam
844 1810 925 1862 tradi
933 1810 1127 1863 sacerdotibus.
1155 1807 1235 1876 ibe13
1248 1809 1286 1861 Si
1295 1810 1348 1877 qui
1358 1809 1455 1860 minus

299 1883 440 1952 patientes
451 1881 589 1933 mdecom's
600 1881 659 1932 sint
677 1920 683 1933 .
702 1920 709 1934 .
730 1921 736 1934 .
753 1884 807 1950 pre
819 1882 944 1934 uictimis
956 1880 1119 1951 immolari„
1139 1895 1244 1934 sacras
1254 1879 1262 1906 ‘
1270 1880 1302 1932 ol
1311 1877 1456 1946 sacrifice,'

303 1951 351 2005 ubi
365 1950 544 2004 sacrificatur.
577 1948 625 2003 Sic
637 1950 758 2004 uzetaria
769 1968 851 2005 sacra
865 1952 945 2005 Pont.
959 1950 994 2004 iv.
1005 1966 1030 2019 9.
1041 1965 1082 2018 30.
1144 1953 1216 2005 466.
1234 1965 1329 2004 saeuo
1341 1948 1455 2018 proprie

304 2022 340 2076 de
359 2021 494 2090 tyrannis.
532 2021 667 2075 quenta
685 2034 736 2088 307
755 2039 840 2075 saeua
858 2023 998 2076 castrauit
1014 2023 1045 2074 in
1064 2038 1127 2075 arce
1144 2026 1290 2089 tyrannus.
1362 2023 1455 2074 hosts

303 2091 485 2161 Apollodoro,
499 2089 546 2160 qui
560 2100 590 2145 ut
604 2091 800 2146 Cassandreae
818 2091 997 2160 tyrannidem
1016 2091 1140 2146 securius
1159 2099 1310 2160 occuparet
1326 2091 1455 2158 μειράκιον

305 2162 457 2230 Καλλιμέλη
488 2164 656 2230 συναρπάσας
686 2164 727 2215 καὶ
757 2161 839 2218 θύσας
869 2161 1014 2230 ἐπέστησεν
1044 2162 1111 2232 αὐτῷ
1137 2163 1258 2232 μάγειρον
1282 2163 1456 2230 Λεοντομέλη.

305 2232 387 2287 Οὗτος
417 2231 615 2298 δειπνοποιησας
638 2233 671 2286 τὰ
695 2233 836 2302 σπλάγχνα
865 2232 993 2302 παρέθηκε
1016 2235 1070 2287 τοῖς
1095 2234 1262 2300 συνωμόταις·
1293 2232 1328 2285 ὧν
1353 2231 1455 2299 δειπνη·

305 2305 405 2357 σάντων
435 2303 476 2356 καὶ
502 2304 614 2356 πιόντων
641 2303 672 2356 τό
702 2301 765 2371 αἷμα
795 2301 854 2377 οἴνῳ
883 2305 975 2372 μελανι
1005 2303 1167 2373 μεμιγμένον,
1192 2303 1288 2369 ἔδειξεν
1315 2303 1402 2375 uitreis
1425 2303 1455 2356 τὸ

305 2378 390 2441 σῶμα,
419 2375 450 2441 τῇ
482 2374 597 2441 κοινωνίᾳ
630 2376 677 2427 τοῦ
711 2375 873 2442 μιάσματος-
891 2373 1008 2442 ἐμπεδῶν
1041 2375 1072 2427 τὸ
1100 2375 1195 2428 πιστὸν
1227 2375 1273 2439 τῆς
1306 2373 1456 2428 ε’πιθέσεως.

306 2446 438 2514 Polyaen.
464 2443 501 2499 vi.
526 2457 551 2513 7,
576 2443 610 2499 ci.
631 2443 716 2498 Diod.
742 2444 806 2500 xxii.
830 2457 854 2513 5.
899 2446 984 2499 Hunc
1008 2442 1139 2499 iuuenem
1165 2445 1346 2498 Theodotum
1370 2453 1456 2513 poeta

305 2517 437 2598 appellat,
459 2514 534 2569 sacili
558 2531 659 2570 errore.
704 2517 781 2568 Nam
803 2515 968 2570 Theodotus
989 2514 1017 2568 in
1043 2515 1145 2570 eodem
1169 2516 1232 2569 loco
1254 2514 1389 2583 Polyaeni
1414 2514 1456 2567 di·

305 2597 377 2641 citur
396 2586 419 2640 is
437 2585 484 2655 qui
503 2595 601 2640 auctor
622 2585 711 2641 suerat
730 2595 760 2640 ut
781 2586 970 2655 Apollodorus
993 2585 1128 2640 satellites
1147 2603 1164 2639 a
1182 2587 1287 2655 populo
1306 2585 1456 2654 acciperet,

305 2657 368 2727 ipso
392 2657 543 2710 obstante:
575 2657 650 2711 unde
674 2673 779 2710 nornen
804 2657 842 2710 ad
867 2656 1033 2710 Callimelen
1057 2658 1189 2710 tralatum
1214 2655 1352 2710 existimo
1391 2654 1456 2710 Nisi

305 2729 385 2796 forte,
399 2727 475 2797 quod
494 2727 663 2796 Saluagnius
681 2727 812 2797 opinatus
831 2736 882 2795 est,
902 2737 930 2782 et
950 2727 1114 2781 Callimelen
1133 2737 1161 2781 et
1180 2727 1361 2781 Theodotum
1380 2743 1456 2780 mac·

305 2798 376 2853 tauit
396 2798 594 2868 Apollodorus
631 2797 686 2850 Alii
709 2797 888 2853 Theodotum
911 2797 1069 2866 intelligunt
1093 2797 1173 2851 cuius
1197 2797 1372 2851 mentionem
1390 2796 1457 2850 lecit

307 2868 403 2924 Liuius
423 2868 494 2922 xxiv.
518 2880 541 2937 5.
579 2869 651 2922 Cum
673 2867 735 2922 aliis
756 2867 951 2922 coniurauerat
976 2868 1005 2921 in
1028 2867 1244 2938 Hieronymum,
1269 2867 1382 2922 Siciliae
1407 2883 1458 2936 per

305 2938 443 2993 tredecim
455 2955 568 2993 menses
580 2947 739 3006 tyrannum,
752 2938 1147 3008 traditusqueAnelranedera
1160 2940 1338 3008 torquendus,
1347 2942 1457 3009 postre-

306 3027 352 3062 ma
363 3026 427 3063 cum
439 3010 567 3063 amnibus
578 3010 765 3062 intolerandis
771 3011 929 3079 patientiae
940 3008 1082 3063 humanae
1093 3010 1264 3064 emicantibus
1275 3010 1457 3077 laceraretur,

306 3082 414 3133 uictum
428 3080 552 3132 malisse
563 3081 703 3133 simulans
714 3083 822 3134 auertit
832 3081 867 3133 ab
877 3082 994 3134 tancies
1005 3082 1037 3134 in
1049 3083 1173 3134 insontes
1185 3081 1332 3134 iudicium.
1372 3081 1458 3133 Hunc

307 3150 489 3204 Theodorum
497 3149 559 3203 Val.
570 3150 711 3204 Maximus
724 3151 848 3220 appellat
861 3150 898 3204 iii.
908 3166 931 3218 3.
944 3163 966 3219 5.
992 3152 1084 3221 Rupit
1094 3153 1180 3204 etiam
1192 3151 1459 3220 uerbera,fidt‘culas

306 3221 429 3287 laxauit,
446 3220 534 3273 saluit
550 3220 681 3288 eculeum,
700 3221 824 3275 laminas
840 3223 965 3275 extinxit
982 3224 1069 3291 pm'us
1087 3239 1173 3291 quam
1190 3223 1293 3291 efficere
1308 3223 1407 3292 patuit
1425 3226 1460 3274 ut

306 3291 494 3360 tyrannicidii
514 3291 634 3344 cometes
657 3291 803 3347 indicaret.
841 3292 899 3346 Sed
923 3292 998 3345 hunc
1022 3293 1059 3346 ad
1083 3309 1147 3346 aras
1170 3291 1278 3346 Phoebi
1302 3301 1459 3346 mactatum

306 3361 394 3415 fuisse
419 3377 503 3414 nemo
527 3359 661 3416 tradidit:
692 3371 768 3416 certe
793 3362 869 3416 idern
893 3372 994 3432 postea
1016 3373 1163 3433 tamquam
1182 3362 1264 3417 uiuus
1286 3372 1459 3432 memoratur¹

307 3449 373 3485 curn
391 3431 492 3485 Soside
510 3430 569 3486 Liu.
583 3431 653 3486 xxiu
668 3446 710 3486 21.
748 3434 816 3486 Non
833 3434 918 3487 credo
935 3432 1051 3502 intelligi
1065 3434 1246 3488 Theodotum
1263 3433 1340 3487 illum
1355 3433 1458 3501 Pytha-

307 3519 424 3572 goreum
438 3501 473 3556 de
486 3518 542 3571 quo
557 3503 647 3556 Clem.
658 3503 738 3556 Alex.
752 3505 855 3558 Strom.
869 3519 920 3572 213
935 3505 964 3558 S.
977 3503 1045 3559 dicit
1059 3521 1124 3558 cum
1139 3504 1286 3558 tormentis
1299 3503 1459 3572 adigeretur

308 3583 338 3627 ut
356 3589 490 3626 arcanum
506 3570 612 3642 aliquid
629 3573 760 3642 proderet
774 3574 982 3643 στρεβλούμενον
995 3577 1158 3645 καρτερῆσαι,
1170 3591 1223 3628 nec
1242 3574 1459 3629 Ciceronianum

308 3643 386 3698 illum
413 3643 595 3697 Theodorum
618 3645 703 3698 Tusc.
729 3643 811 3714 Disp.
833 3643 849 3698 i.
872 3659 914 3712 43.
940 3659 998 3699 102.
1099 3649 1169 3702 467.
1186 3649 1341 3699 deuousat
1364 3648 1460 3700 certis

308 3718 436 3769 Abdera
452 3717 570 3768 diebus.
609 3715 655 3769 De
673 3716 728 3768 hoc
746 3732 824 3769 more
843 3715 1043 3770 Abderitarum
1065 3715 1102 3772 de
1124 3732 1180 3786 quo
1205 3715 1356 3784 scripserat
1375 3715 1459 3769 Calli-

308 3786 436 3852 machuS,
461 3783 485 3838 si
509 3785 579 3838 tides
605 3785 789 3854 Scholiastae,
813 3785 883 3839 nihil
907 3785 1021 3840 aliunde
1045 3796 1221 3857 compertum
1245 3786 1344 3841 habuit
1367 3787 1403 3840 K.
1426 3787 1459 3839 F.

309 3858 459 3910 Hermann
481 3854 509 3908 in
529 3854 624 3909 libello
643 3872 727 3925 quem
744 3856 780 3910 de
799 3856 915 3911 Abdera
933 3856 1104 3927 peculiarem
1122 3857 1235 3926 scripsit
1254 3857 1460 3926 (Gesammelte

308 3927 538 3995 Abhandlungen
550 3943 578 3994 p.
594 3929 654 3994 109)
672 3925 712 3980 ita
730 3935 825 3982 tamen
844 3937 875 3981 ut
893 3927 1020 3982 crederet
1038 3928 1076 3981 ad
1093 3927 1234 4008 Apollinis
1253 3928 1367 3995 cultum,
1380 3926 1459 3981 cuius

309 3997 399 4066 figura
415 3996 444 4050 in
463 3995 557 4050 numis
569 3996 751 4050 Abderitanis
768 4007 867 4064 exstet,
879 4015 964 4066 posse
981 4015 1046 4052 eum
1059 4007 1208 4068 pertinere.
1245 3997 1409 4052 Lactantius
1422 3997 1461 4052 ad

310 4069 382 4124 Stat.
403 4067 493 4121 Theb.
515 4085 541 4120 x.
560 4078 621 4134 793,
640 4066 742 4121 citatus
761 4085 778 4121 a
798 4068 895 4122 Const.
915 4068 1047 4135 Fanensi,
1065 4070 1190 4122 lustrare
1208 4067 1298 4139 inquit
1315 4070 1461 4123 ciuitatem

307 4137 435 4193 leumana
446 4137 539 4190 hostia
550 4137 677 4191 Gallicus
689 4154 748 4191 mas
756 4143 803 4192 est.
831 4155 899 4191 nam
911 4141 1018 4208 aliquis
1028 4140 1062 4193 de
1073 4141 1259 4211 egentissimis
1265 4139 1464 4209 pelliciebatur

303 4210 444 4280 praemiis
456 4213 489 4261 ut
499 4225 528 4262 se
539 4209 580 4262 ad
588 4207 639 4261 lter
650 4209 786 4263 uuideret.
814 4211 868 4279 qui
878 4226 953 4263 anno
964 4215 1022 4264 toto
1029 4211 1153 4281 pullatas
1163 4211 1322 4280 sumptibus
1334 4210 1464 4263 alebatur

304 4279 473 4350 purioribus
488 4279 563 4333 citis.
599 4279 718 4348 denique
735 4289 827 4334 certo
843 4285 870 4333 et
888 4281 1045 4334 sollemni
1060 4280 1188 4352 ‚diener
1201 4286 1290 4335 totam
1307 4281 1462 4348 ciuitatem,

308 4350 410 4402 ductus
429 4366 467 4402 ex
483 4349 558 4418 urbe,
582 4355 664 4403 entra
682 4351 813 4420 pomeria
835 4349 922 4404 saxis
947 4351 1122 4406 vendebatur
1141 4370 1159 4404 a
1175 4352 1303 4422 populo:
1327 4349 1403 4404 idem
1425 4351 1462 4405 de

311 4418 539 4473 Massiliensibus
560 4419 646 4474 tradit
671 4419 785 4474 Seruius
810 4421 847 4475 ad
872 4422 944 4474 Aen.
964 4421 1002 4476 iii.
1025 4434 1065 4490 57.
1102 4423 1176 4477 Vide
1198 4423 1402 4476 Buechelerum
1424 4421 1463 4476 ad

311 4490 424 4543 Petron.
435 4488 494 4544 fni.
531 4490 651 4544 Athenis
664 4500 759 4544 autern
771 4492 923 4562 φαρρακοὺς
935 4491 1006 4558 duos
1019 4491 1192 4547 sacrificatos
1204 4492 1290 4547 fuisse
1304 4491 1462 4561 Thargeliis

311 4569 422 4614 constat
441 4577 475 4614 ex
490 4558 576 4615 Arist.
590 4563 643 4631 Eq.
661 4576 735 4628 1140,
749 4563 821 4616 Ran'.
835 4575 902 4630 733:
922 4563 956 4618 cl.
971 4562 1049 4618 Suid.
1062 4574 1090 4618 et
1107 4564 1235 4633 Hesych.
1249 4581 1272 4620 s.
1281 4582 1309 4620 u.
1321 4563 1463 4634 Φαρμακοὶ,
