<?xml version="1.0" encoding="UTF-8"?>
<!DOCTYPE html PUBLIC "-//W3C//DTD XHTML 1.0 Transitional//EN"
    "http://www.w3.org/TR/xhtml1/DTD/xhtml1-transitional.dtd">
<html xmlns="http://www.w3.org/1999/xhtml" xml:lang="en" lang="en">
 <head>
  <title>
</title>
<meta http-equiv="Content-Type" content="text/html;charset=utf-8" />
  <meta name='ocr-system' content='tesseract 3.04.00' />
  <meta name='ocr-capabilities' content='ocr_page ocr_carea ocr_par ocr_line ocrx_word'/>
</head>
<body>
  <div class='ocr_page' id='page_1' title='image "./povidiinasonisi01elligoog_0036.png"; bbox 0 0 3294 5214; ppageno 0'>
   <div class='ocr_carea' id='block_1_1' title="bbox 617 473 1357 539">
    <p class='ocr_par' dir='ltr' id='par_1_1' title="bbox 617 473 1357 539">
     <span class='ocr_line' id='line_1_1' title="bbox 617 473 1357 539; baseline 0.009 -7"><span class='ocrx_word' id='word_1_1' title='bbox 617 473 945 535; x_wconf 87' lang='lat' dir='ltr'>PROLEGOMENA.</span> <span class='ocrx_word' id='word_1_2' title='bbox 1287 481 1357 539; x_wconf 84' lang='lat' dir='ltr'><em>xxxi</em></span> 
     </span>
    </p>
   </div>
   <div class='ocr_carea' id='block_1_2' title="bbox 177 632 1363 2164">
    <p class='ocr_par' dir='ltr' id='par_1_2' title="bbox 177 632 1363 2164">
     <span class='ocr_line' id='line_1_2' title="bbox 204 632 1358 712; baseline 0.001 -18"><span class='ocrx_word' id='word_1_3' title='bbox 204 635 325 694; x_wconf 89' lang='lat' dir='ltr'><em>homine</em></span> <span class='ocrx_word' id='word_1_4' title='bbox 339 652 391 709; x_wconf 90' lang='lat' dir='ltr'><em>per</em></span> <span class='ocrx_word' id='word_1_5' title='bbox 405 633 467 691; x_wconf 89' lang='lat' dir='ltr'><em>Isin</em></span> <span class='ocrx_word' id='word_1_6' title='bbox 482 633 519 690; x_wconf 85' lang='lat' dir='ltr'><em>ad</em></span> <span class='ocrx_word' id='word_1_7' title='bbox 535 632 657 691; x_wconf 91' lang='lat' dir='ltr'><em>salutem</em></span> <span class='ocrx_word' id='word_1_8' title='bbox 675 632 818 709; x_wconf 89' lang='lat' dir='ltr'><em>perducto</em></span> <span class='ocrx_word' id='word_1_9' title='bbox 838 634 980 692; x_wconf 91' lang='lat' dir='ltr'><em>dicuntur.</em></span> <span class='ocrx_word' id='word_1_10' title='bbox 1023 632 1120 692; x_wconf 88' lang='lat' dir='ltr'><em>Etiam</em></span> <span class='ocrx_word' id='word_1_11' title='bbox 1134 634 1204 694; x_wconf 94' lang='lat' dir='ltr'><em>illud</em></span> <span class='ocrx_word' id='word_1_12' title='bbox 1219 636 1299 712; x_wconf 92' lang='lat' dir='ltr'><em>quod</em></span> <span class='ocrx_word' id='word_1_13' title='bbox 1313 645 1358 695; x_wconf 89' lang='lat' dir='ltr'><em>est</em></span> 
     </span>
     <span class='ocr_line' id='line_1_3' title="bbox 205 713 1358 791; baseline 0.002 -17"><span class='ocrx_word' id='word_1_14' title='bbox 205 717 236 774; x_wconf 93' lang='lat' dir='ltr'><em>in</em></span> <span class='ocrx_word' id='word_1_15' title='bbox 250 715 333 774; x_wconf 86' lang='lat' dir='ltr'>Ibide</span> <span class='ocrx_word' id='word_1_16' title='bbox 350 717 408 773; x_wconf 83' lang='lat'><em>208</em></span> <span class='ocrx_word' id='word_1_17' title='bbox 424 713 484 772; x_wconf 90' lang='lat' dir='ltr'><em>Ora</em></span> <span class='ocrx_word' id='word_1_18' title='bbox 499 715 563 772; x_wconf 88' lang='lat' dir='ltr'><em>licet</em></span> <span class='ocrx_word' id='word_1_19' title='bbox 574 715 684 773; x_wconf 83' lang='lat' dir='ltr'><em>tribuas</em></span> <span class='ocrx_word' id='word_1_20' title='bbox 698 716 882 791; x_wconf 83' lang='lat' dir='ltr'><em>multiplicato</em></span> <span class='ocrx_word' id='word_1_21' title='bbox 897 715 1011 774; x_wconf 72' lang='lat' dir='ltr'><em>nutriet</em></span> <span class='ocrx_word' id='word_1_22' title='bbox 1022 714 1110 776; x_wconf 91' lang='lat' dir='ltr'><em>Trist.</em></span> <span class='ocrx_word' id='word_1_23' title='bbox 1124 717 1141 774; x_wconf 95' lang='lat' dir='ltr'><em>i.</em></span> <span class='ocrx_word' id='word_1_24' title='bbox 1154 730 1181 790; x_wconf 83' lang='lat'><em>5.</em></span> <span class='ocrx_word' id='word_1_25' title='bbox 1194 731 1231 791; x_wconf 85' lang='lat'><em>53</em></span> <span class='ocrx_word' id='word_1_26' title='bbox 1248 715 1287 776; x_wconf 90' lang='lat' dir='ltr'><em>Si</em></span> <span class='ocrx_word' id='word_1_27' title='bbox 1298 736 1358 776; x_wconf 83' lang='lat' dir='ltr'><em>uox</em></span> 
     </span>
     <span class='ocr_line' id='line_1_4' title="bbox 205 795 1358 877; baseline 0.001 -22"><span class='ocrx_word' id='word_1_28' title='bbox 205 799 362 877; x_wconf 80' lang='lat' dir='ltr'><em>infragilis,</em></span> <span class='ocrx_word' id='word_1_29' title='bbox 374 804 466 872; x_wconf 81' lang='lat' dir='ltr'><em>pectus</em></span> <span class='ocrx_word' id='word_1_30' title='bbox 480 797 554 854; x_wconf 78' lang='lat' dir='ltr'><em>milri</em></span> <span class='ocrx_word' id='word_1_31' title='bbox 565 797 684 872; x_wconf 85' lang='lat' dir='ltr'><em>firmius</em></span> <span class='ocrx_word' id='word_1_32' title='bbox 697 803 770 867; x_wconf 86' lang='lat' dir='ltr'><em>esset,</em></span> <span class='ocrx_word' id='word_1_33' title='bbox 784 795 931 871; x_wconf 83' lang='lat' dir='ltr'><em>Pluraque</em></span> <span class='ocrx_word' id='word_1_34' title='bbox 950 815 1012 854; x_wconf 84' lang='lat' dir='ltr'><em>eune</em></span> <span class='ocrx_word' id='word_1_35' title='bbox 1033 799 1139 872; x_wconf 74' lang='lat' dir='ltr'><em>linguis</em></span> <span class='ocrx_word' id='word_1_36' title='bbox 1155 798 1287 872; x_wconf 82' lang='lat' dir='ltr'><em>pluribus</em></span> <span class='ocrx_word' id='word_1_37' title='bbox 1307 818 1358 857; x_wconf 85' lang='lat' dir='ltr'><em>ora</em></span> 
     </span>
     <span class='ocr_line' id='line_1_5' title="bbox 193 878 1358 958; baseline 0.002 -22"><span class='ocrx_word' id='word_1_38' title='bbox 193 882 303 958; x_wconf 80' lang='lat' dir='ltr'><em>forent,</em></span> <span class='ocrx_word' id='word_1_39' title='bbox 328 879 397 938; x_wconf 89' lang='lat' dir='ltr'><em>Non</em></span> <span class='ocrx_word' id='word_1_40' title='bbox 421 886 510 936; x_wconf 89' lang='lat' dir='ltr'><em>tanun</em></span> <span class='ocrx_word' id='word_1_41' title='bbox 539 879 641 935; x_wconf 85' lang='lat' dir='ltr'><em>r&#39;cict&#39;rco</em></span> <span class='ocrx_word' id='word_1_42' title='bbox 668 879 854 952; x_wconf 80' lang='lat' dir='ltr'><em>complecterer</em></span> <span class='ocrx_word' id='word_1_43' title='bbox 880 878 974 936; x_wconf 82' lang='lat' dir='ltr'><em>ornnia</em></span> <span class='ocrx_word' id='word_1_44' title='bbox 1000 878 1100 948; x_wconf 75' lang='lat' dir='ltr'><em>nerbas,</em></span> <span class='ocrx_word' id='word_1_45' title='bbox 1125 878 1255 938; x_wconf 81' lang='lat' dir='ltr'><em>Materia</em></span> <span class='ocrx_word' id='word_1_46' title='bbox 1283 883 1358 938; x_wconf 83' lang='lat' dir='ltr'><em>uires</em></span> 
     </span>
     <span class='ocr_line' id='line_1_6' title="bbox 206 959 1358 1037; baseline 0.003 -19"><span class='ocrx_word' id='word_1_47' title='bbox 206 966 389 1036; x_wconf 78' lang='lat' dir='ltr'><em>exsuperante</em></span> <span class='ocrx_word' id='word_1_48' title='bbox 405 979 487 1030; x_wconf 87' lang='lat' dir='ltr'><em>neas,</em></span> <span class='ocrx_word' id='word_1_49' title='bbox 501 959 580 1017; x_wconf 91' lang='lat' dir='ltr'><em>idem</em></span> <span class='ocrx_word' id='word_1_50' title='bbox 600 959 631 1016; x_wconf 92' lang='lat' dir='ltr'><em>in</em></span> <span class='ocrx_word' id='word_1_51' title='bbox 652 959 810 1018; x_wconf 84' lang='lat' dir='ltr'><em>referendis</em></span> <span class='ocrx_word' id='word_1_52' title='bbox 831 959 965 1018; x_wconf 85' lang='lat' dir='ltr'><em>laudibus</em></span> <span class='ocrx_word' id='word_1_53' title='bbox 986 959 1072 1018; x_wconf 89' lang='lat' dir='ltr'><em>Isidis</em></span> <span class='ocrx_word' id='word_1_54' title='bbox 1093 959 1203 1019; x_wconf 86' lang='lat' dir='ltr'><em>inducit</em></span> <span class='ocrx_word' id='word_1_55' title='bbox 1217 961 1358 1037; x_wconf 89' lang='lat' dir='ltr'><em>Apuleius</em></span> 
     </span>
     <span class='ocr_line' id='line_1_7' title="bbox 206 1040 1358 1115; baseline 0 -15"><span class='ocrx_word' id='word_1_56' title='bbox 206 1043 243 1100; x_wconf 88' lang='lat' dir='ltr'><em>xi.</em></span> <span class='ocrx_word' id='word_1_57' title='bbox 261 1056 297 1115; x_wconf 85' lang='lat'><em>25</em></span> <span class='ocrx_word' id='word_1_58' title='bbox 313 1041 374 1100; x_wconf 86' lang='lat' dir='ltr'><em>Nec</em></span> <span class='ocrx_word' id='word_1_59' title='bbox 394 1043 467 1098; x_wconf 77' lang='lat' dir='ltr'><em>milri</em></span> <span class='ocrx_word' id='word_1_60' title='bbox 484 1043 558 1098; x_wconf 85' lang='lat' dir='ltr'><em>uaer&#39;s</em></span> <span class='ocrx_word' id='word_1_61' title='bbox 578 1040 686 1098; x_wconf 88' lang='lat' dir='ltr'><em>ubertas</em></span> <span class='ocrx_word' id='word_1_62' title='bbox 708 1042 749 1098; x_wconf 87' lang='lat' dir='ltr'><em>ad</em></span> <span class='ocrx_word' id='word_1_63' title='bbox 765 1041 878 1099; x_wconf 62' lang='lat' dir='ltr'><em>debenda</em></span> <span class='ocrx_word' id='word_1_64' title='bbox 898 1060 966 1115; x_wconf 88' lang='lat' dir='ltr'><em>quae</em></span> <span class='ocrx_word' id='word_1_65' title='bbox 987 1042 1018 1098; x_wconf 88' lang='lat' dir='ltr'><em>ale</em></span> <span class='ocrx_word' id='word_1_66' title='bbox 1041 1061 1095 1099; x_wconf 89' lang='lat' dir='ltr'><em>sua</em></span> <span class='ocrx_word' id='word_1_67' title='bbox 1116 1045 1254 1100; x_wconf 77' lang='lat' dir='ltr'><em>maiestate</em></span> <span class='ocrx_word' id='word_1_68' title='bbox 1273 1045 1358 1100; x_wconf 75' lang='lat' dir='ltr'><em>sentio</em></span> 
     </span>
     <span class='ocr_line' id='line_1_8' title="bbox 205 1122 1358 1200; baseline -0.001 -18"><span class='ocrx_word' id='word_1_69' title='bbox 205 1123 307 1200; x_wconf 78' lang='lat' dir='ltr'><em>sufficet</em></span> <span class='ocrx_word' id='word_1_70' title='bbox 325 1142 371 1180; x_wconf 90' lang='lat' dir='ltr'><em>uec</em></span> <span class='ocrx_word' id='word_1_71' title='bbox 391 1139 442 1180; x_wconf 87' lang='lat' dir='ltr'><em>ora</em></span> <span class='ocrx_word' id='word_1_72' title='bbox 463 1123 537 1180; x_wconf 80' lang='lat' dir='ltr'><em>millo</em></span> <span class='ocrx_word' id='word_1_73' title='bbox 557 1122 720 1198; x_wconf 74' lang='lat' dir='ltr'><em>irriguaeque</em></span> <span class='ocrx_word' id='word_1_74' title='bbox 740 1123 846 1180; x_wconf 77' lang='lat' dir='ltr'><em>toltiient</em></span> <span class='ocrx_word' id='word_1_75' title='bbox 867 1124 914 1180; x_wconf 87' lang='lat' dir='ltr'><em>uel</em></span> <span class='ocrx_word' id='word_1_76' title='bbox 936 1124 1069 1199; x_wconf 81' lang='lat' dir='ltr'><em>indefessi</em></span> <span class='ocrx_word' id='word_1_77' title='bbox 1088 1126 1222 1181; x_wconf 90' lang='lat' dir='ltr'><em>sermonis</em></span> <span class='ocrx_word' id='word_1_78' title='bbox 1245 1131 1358 1182; x_wconf 88' lang='lat' dir='ltr'><em>aeterna</em></span> 
     </span>
     <span class='ocr_line' id='line_1_9' title="bbox 205 1198 1359 1281; baseline 0.001 -19"><span class='ocrx_word' id='word_1_79' title='bbox 205 1207 296 1262; x_wconf 72' lang='lat' dir='ltr'><em>serub.</em></span> <span class='ocrx_word' id='word_1_80' title='bbox 346 1204 470 1280; x_wconf 87' lang='lat' dir='ltr'><em>Propius</em></span> <span class='ocrx_word' id='word_1_81' title='bbox 492 1222 509 1261; x_wconf 90' lang='lat' dir='ltr'><em>a</em></span> <span class='ocrx_word' id='word_1_82' title='bbox 533 1204 624 1262; x_wconf 91' lang='lat' dir='ltr'><em>uerbo</em></span> <span class='ocrx_word' id='word_1_83' title='bbox 649 1201 793 1262; x_wconf 90' lang='lat' dir='ltr'><em>accedunt</em></span> <span class='ocrx_word' id='word_1_84' title='bbox 818 1203 952 1281; x_wconf 88' lang='lat' dir='ltr'><em>quamuis</em></span> <span class='ocrx_word' id='word_1_85' title='bbox 973 1204 1062 1280; x_wconf 88' lang='lat' dir='ltr'><em>paulo</em></span> <span class='ocrx_word' id='word_1_86' title='bbox 1083 1204 1165 1262; x_wconf 87' lang='lat' dir='ltr'><em>aliter</em></span> <span class='ocrx_word' id='word_1_87' title='bbox 1186 1205 1301 1264; x_wconf 85' lang='lat' dir='ltr'><em>deflexa</em></span> <span class='ocrx_word' id='word_1_88' title='bbox 1322 1198 1359 1264; x_wconf 89' lang='lat' dir='ltr'><em>sit</em></span> 
     </span>
     <span class='ocr_line' id='line_1_10' title="bbox 207 1285 1357 1362; baseline -0.001 -17"><span class='ocrx_word' id='word_1_89' title='bbox 207 1287 308 1357; x_wconf 89' lang='lat' dir='ltr'><em>oratio,</em></span> <span class='ocrx_word' id='word_1_90' title='bbox 318 1285 366 1344; x_wconf 88' lang='lat' dir='ltr'><em>illa</em></span> <span class='ocrx_word' id='word_1_91' title='bbox 377 1285 492 1360; x_wconf 89' lang='lat' dir='ltr'><em>Apuleii</em></span> <span class='ocrx_word' id='word_1_92' title='bbox 505 1286 542 1342; x_wconf 86' lang='lat' dir='ltr'><em>xi.</em></span> <span class='ocrx_word' id='word_1_93' title='bbox 555 1287 572 1342; x_wconf 88' lang='lat'><strong>6</strong></span> <span class='ocrx_word' id='word_1_94' title='bbox 584 1302 644 1360; x_wconf 91' lang='lat' dir='ltr'><em>quo</em></span> <span class='ocrx_word' id='word_1_95' title='bbox 655 1285 711 1343; x_wconf 91' lang='lat' dir='ltr'><em>Isis</em></span> <span class='ocrx_word' id='word_1_96' title='bbox 721 1285 862 1344; x_wconf 89' lang='lat' dir='ltr'><em>cultorem</em></span> <span class='ocrx_word' id='word_1_97' title='bbox 871 1303 958 1344; x_wconf 91' lang='lat' dir='ltr'><em>suurn</em></span> <span class='ocrx_word' id='word_1_98' title='bbox 968 1285 1123 1362; x_wconf 82' lang='lat' dir='ltr'><em>alloquitur</em></span> <span class='ocrx_word' id='word_1_99' title='bbox 1133 1285 1195 1344; x_wconf 90' lang='lat' dir='ltr'><em>Nec</em></span> <span class='ocrx_word' id='word_1_100' title='bbox 1206 1287 1357 1358; x_wconf 78' lang='lat' dir='ltr'><em>iniurium,</em></span> 
     </span>
     <span class='ocr_line' id='line_1_11' title="bbox 205 1367 1358 1444; baseline 0.002 -20"><span class='ocrx_word' id='word_1_101' title='bbox 205 1368 285 1425; x_wconf 82' lang='lat' dir='ltr'><em>caries</em></span> <span class='ocrx_word' id='word_1_102' title='bbox 299 1367 423 1444; x_wconf 84' lang='lat' dir='ltr'><em>beneficio</em></span> <span class='ocrx_word' id='word_1_103' title='bbox 436 1368 554 1424; x_wconf 88' lang='lat' dir='ltr'><em>redieris</em></span> <span class='ocrx_word' id='word_1_104' title='bbox 568 1367 609 1423; x_wconf 88' lang='lat' dir='ltr'><em>ad</em></span> <span class='ocrx_word' id='word_1_105' title='bbox 618 1368 746 1435; x_wconf 75' lang='lat' dir='ltr'><em>homenes,</em></span> <span class='ocrx_word' id='word_1_106' title='bbox 762 1369 791 1424; x_wconf 88' lang='lat' dir='ltr'><em>ei</em></span> <span class='ocrx_word' id='word_1_107' title='bbox 801 1372 884 1424; x_wconf 86' lang='lat' dir='ltr'><em>totum</em></span> <span class='ocrx_word' id='word_1_108' title='bbox 903 1367 995 1425; x_wconf 82' lang='lat' dir='ltr'><em>debere</em></span> <span class='ocrx_word' id='word_1_109' title='bbox 1013 1369 1086 1442; x_wconf 87' lang='lat' dir='ltr'><em>quod</em></span> <span class='ocrx_word' id='word_1_110' title='bbox 1097 1368 1175 1424; x_wconf 89' lang='lat' dir='ltr'><em>niues</em></span> <span class='ocrx_word' id='word_1_111' title='bbox 1188 1367 1216 1426; x_wconf 93' lang='lat' dir='ltr'><em>h.</em></span> <span class='ocrx_word' id='word_1_112' title='bbox 1227 1387 1252 1426; x_wconf 92' lang='lat' dir='ltr'><em>e.</em></span> <span class='ocrx_word' id='word_1_113' title='bbox 1268 1385 1358 1426; x_wconf 89' lang='lat' dir='ltr'><em>omne</em></span> 
     </span>
     <span class='ocr_line' id='line_1_12' title="bbox 205 1443 1359 1524; baseline 0.002 -18"><span class='ocrx_word' id='word_1_114' title='bbox 205 1443 335 1508; x_wconf 78' lang='lat' dir='ltr'><em>futurum</em></span> <span class='ocrx_word' id='word_1_115' title='bbox 349 1458 465 1524; x_wconf 90' lang='lat' dir='ltr'><em>tempus</em></span> <span class='ocrx_word' id='word_1_116' title='bbox 479 1448 555 1506; x_wconf 90' lang='lat' dir='ltr'><em>uitae</em></span> <span class='ocrx_word' id='word_1_117' title='bbox 572 1457 647 1519; x_wconf 88' lang='lat' dir='ltr'><em>tuae,</em></span> <span class='ocrx_word' id='word_1_118' title='bbox 662 1457 691 1506; x_wconf 91' lang='lat' dir='ltr'><em>et</em></span> <span class='ocrx_word' id='word_1_119' title='bbox 705 1446 792 1506; x_wconf 90' lang='lat' dir='ltr'><em>Trist.</em></span> <span class='ocrx_word' id='word_1_120' title='bbox 803 1465 828 1518; x_wconf 81' lang='lat' dir='ltr'><em>v.</em></span> <span class='ocrx_word' id='word_1_121' title='bbox 845 1467 871 1520; x_wconf 90' lang='lat'><em>4.</em></span> <span class='ocrx_word' id='word_1_122' title='bbox 887 1467 921 1506; x_wconf 85' lang='lat' dir='ltr'><em>aa</em></span> <span class='ocrx_word' id='word_1_123' title='bbox 938 1447 1064 1523; x_wconf 86' lang='lat' dir='ltr'><em>Denique</em></span> <span class='ocrx_word' id='word_1_124' title='bbox 1076 1449 1150 1522; x_wconf 89' lang='lat' dir='ltr'><em>quod</em></span> <span class='ocrx_word' id='word_1_125' title='bbox 1160 1449 1247 1522; x_wconf 84' lang='lat' dir='ltr'><em>ur‘uat,</em></span> <span class='ocrx_word' id='word_1_126' title='bbox 1257 1468 1359 1508; x_wconf 87' lang='lat' dir='ltr'><em>munus</em></span> 
     </span>
     <span class='ocr_line' id='line_1_13' title="bbox 177 1528 988 1606; baseline 0.002 -20"><span class='ocrx_word' id='word_1_127' title='bbox 177 1581 179 1586; x_wconf 91' lang='lat'><em>.</em></span> <span class='ocrx_word' id='word_1_128' title='bbox 206 1529 439 1589; x_wconf 74' lang='lat' dir='ltr'><em>haberentue.</em></span> <span class='ocrx_word' id='word_1_129' title='bbox 454 1528 535 1606; x_wconf 92' lang='lat' dir='ltr'><em>quod</em></span> <span class='ocrx_word' id='word_1_130' title='bbox 548 1529 636 1600; x_wconf 89' lang='lat' dir='ltr'><em>uiuat,</em></span> <span class='ocrx_word' id='word_1_131' title='bbox 651 1547 706 1588; x_wconf 91' lang='lat' dir='ltr'><em>nec</em></span> <span class='ocrx_word' id='word_1_132' title='bbox 720 1529 795 1588; x_wconf 92' lang='lat' dir='ltr'><em>mori</em></span> <span class='ocrx_word' id='word_1_133' title='bbox 810 1540 928 1588; x_wconf 85' lang='lat' dir='ltr'><em>coactus</em></span> <span class='ocrx_word' id='word_1_134' title='bbox 943 1531 988 1588; x_wconf 91' lang='lat' dir='ltr'><em>sit.</em></span> 
     </span>
     <span class='ocr_line' id='line_1_14' title="bbox 210 1609 1359 1688; baseline 0.002 -18"><span class='ocrx_word' id='word_1_135' title='bbox 210 1644 212 1653; x_wconf 43' lang='grc' dir='ltr'>ν</span> <span class='ocrx_word' id='word_1_136' title='bbox 249 1611 308 1670; x_wconf 92' lang='lat' dir='ltr'><em>Sed</em></span> <span class='ocrx_word' id='word_1_137' title='bbox 322 1611 415 1670; x_wconf 92' lang='lat' dir='ltr'><em>multo</em></span> <span class='ocrx_word' id='word_1_138' title='bbox 429 1611 523 1686; x_wconf 89' lang='lat' dir='ltr'><em>magis</em></span> <span class='ocrx_word' id='word_1_139' title='bbox 537 1629 584 1669; x_wconf 90' lang='lat' dir='ltr'><em>res</em></span> <span class='ocrx_word' id='word_1_140' title='bbox 598 1611 692 1670; x_wconf 94' lang='lat' dir='ltr'><em>elucet</em></span> <span class='ocrx_word' id='word_1_141' title='bbox 706 1629 743 1668; x_wconf 84' lang='lat' dir='ltr'><em>ex</em></span> <span class='ocrx_word' id='word_1_142' title='bbox 757 1612 823 1686; x_wconf 90' lang='lat' dir='ltr'><em>ipso</em></span> <span class='ocrx_word' id='word_1_143' title='bbox 839 1613 966 1670; x_wconf 86' lang='lat' dir='ltr'><em>carmine</em></span> <span class='ocrx_word' id='word_1_144' title='bbox 981 1610 1082 1688; x_wconf 82' lang='lat' dir='ltr'><em>Ibidis.</em></span> <span class='ocrx_word' id='word_1_145' title='bbox 1124 1609 1203 1670; x_wconf 87' lang='lat' dir='ltr'><em>Nam</em></span> <span class='ocrx_word' id='word_1_146' title='bbox 1222 1630 1285 1670; x_wconf 91' lang='lat' dir='ltr'><em>non</em></span> <span class='ocrx_word' id='word_1_147' title='bbox 1304 1612 1359 1673; x_wconf 90' lang='lat' dir='ltr'><em>ista</em></span> 
     </span>
     <span class='ocr_line' id='line_1_15' title="bbox 207 1691 1359 1772; baseline -0.001 -19"><span class='ocrx_word' id='word_1_148' title='bbox 207 1695 304 1754; x_wconf 89' lang='lat' dir='ltr'><em>solum</em></span> <span class='ocrx_word' id='word_1_149' title='bbox 322 1694 442 1772; x_wconf 89' lang='lat' dir='ltr'><em>quaein</em></span> <span class='ocrx_word' id='word_1_150' title='bbox 457 1692 544 1752; x_wconf 89' lang='lat' dir='ltr'><em>Trist.</em></span> <span class='ocrx_word' id='word_1_151' title='bbox 560 1704 589 1751; x_wconf 94' lang='lat' dir='ltr'><em>et</em></span> <span class='ocrx_word' id='word_1_152' title='bbox 603 1691 741 1769; x_wconf 90' lang='lat' dir='ltr'><em>Epistulis</em></span> <span class='ocrx_word' id='word_1_153' title='bbox 760 1710 797 1750; x_wconf 79' lang='lat' dir='ltr'><em>ex</em></span> <span class='ocrx_word' id='word_1_154' title='bbox 811 1691 907 1751; x_wconf 90' lang='lat' dir='ltr'><em>Ponto</em></span> <span class='ocrx_word' id='word_1_155' title='bbox 924 1693 1004 1751; x_wconf 88' lang='lat' dir='ltr'><em>attuli</em></span> <span class='ocrx_word' id='word_1_156' title='bbox 1018 1693 1106 1750; x_wconf 89' lang='lat' dir='ltr'><em>etiam</em></span> <span class='ocrx_word' id='word_1_157' title='bbox 1119 1694 1151 1751; x_wconf 91' lang='lat' dir='ltr'><em>in</em></span> <span class='ocrx_word' id='word_1_158' title='bbox 1166 1693 1249 1752; x_wconf 89' lang='lat' dir='ltr'><em>Ibide</em></span> <span class='ocrx_word' id='word_1_159' title='bbox 1264 1711 1359 1752; x_wconf 89' lang='lat' dir='ltr'><em>recur-</em></span> 
     </span>
     <span class='ocr_line' id='line_1_16' title="bbox 207 1774 1359 1852; baseline -0.003 -15"><span class='ocrx_word' id='word_1_160' title='bbox 207 1788 283 1850; x_wconf 83' lang='lat' dir='ltr'><em>runt,</em></span> <span class='ocrx_word' id='word_1_161' title='bbox 298 1797 323 1836; x_wconf 92' lang='lat' dir='ltr'><em>e.</em></span> <span class='ocrx_word' id='word_1_162' title='bbox 332 1796 361 1852; x_wconf 86' lang='lat' dir='ltr'><em>g.</em></span> <span class='ocrx_word' id='word_1_163' title='bbox 379 1795 413 1850; x_wconf 88' lang='lat'><em>13</em></span> <span class='ocrx_word' id='word_1_164' title='bbox 438 1775 610 1850; x_wconf 86' lang='lat' dir='ltr'><em>Vatruraque</em></span> <span class='ocrx_word' id='word_1_165' title='bbox 626 1775 735 1832; x_wconf 82' lang='lat' dir='ltr'><em>tnnr&#39;tis</em></span> <span class='ocrx_word' id='word_1_166' title='bbox 751 1776 871 1848; x_wconf 84' lang='lat' dir='ltr'><em>requiem</em></span> <span class='ocrx_word' id='word_1_167' title='bbox 887 1776 1050 1850; x_wconf 83' lang='lat' dir='ltr'><em>quaerentia</em></span> <span class='ocrx_word' id='word_1_168' title='bbox 1068 1781 1163 1845; x_wconf 83' lang='lat' dir='ltr'><em>uexat,</em></span> <span class='ocrx_word' id='word_1_169' title='bbox 1179 1774 1216 1834; x_wconf 85' lang='lat' dir='ltr'><em>cl.</em></span> <span class='ocrx_word' id='word_1_170' title='bbox 1230 1775 1273 1834; x_wconf 88' lang='lat' dir='ltr'><em>Ib.</em></span> <span class='ocrx_word' id='word_1_171' title='bbox 1290 1789 1359 1850; x_wconf 80' lang='lat'><em>247,</em></span> 
     </span>
     <span class='ocr_line' id='line_1_17' title="bbox 212 1855 1363 1937; baseline -0.003 -19"><span class='ocrx_word' id='word_1_172' title='bbox 212 1875 257 1935; x_wconf 83' lang='lat'><em>17,</em></span> <span class='ocrx_word' id='word_1_173' title='bbox 276 1862 311 1917; x_wconf 83' lang='lat'><em>18</em></span> <span class='ocrx_word' id='word_1_174' title='bbox 330 1858 452 1932; x_wconf 89' lang='lat' dir='ltr'><em>Cumque</em></span> <span class='ocrx_word' id='word_1_175' title='bbox 468 1877 516 1933; x_wconf 86' lang='lat' dir='ltr'><em>ego</em></span> <span class='ocrx_word' id='word_1_176' title='bbox 535 1875 637 1931; x_wconf 90' lang='lat' dir='ltr'><em>quassa</em></span> <span class='ocrx_word' id='word_1_177' title='bbox 657 1874 730 1913; x_wconf 89' lang='lat' dir='ltr'><em>uuae</em></span> <span class='ocrx_word' id='word_1_178' title='bbox 747 1857 898 1931; x_wconf 82' lang='lat' dir='ltr'><em>conplectar</em></span> <span class='ocrx_word' id='word_1_179' title='bbox 918 1856 1039 1914; x_wconf 85' lang='lat' dir='ltr'><em>numbra</em></span> <span class='ocrx_word' id='word_1_180' title='bbox 1060 1859 1173 1914; x_wconf 80' lang='lat' dir='ltr'><em>carruae</em></span> <span class='ocrx_word' id='word_1_181' title='bbox 1194 1855 1363 1937; x_wconf 81' lang='lat' dir='ltr'><em>Naufragii</em></span> 
     </span>
     <span class='ocr_line' id='line_1_18' title="bbox 188 1936 1360 2016; baseline -0.003 -16"><span class='ocrx_word' id='word_1_182' title='bbox 188 1942 319 2000; x_wconf 47' lang='lat' dir='ltr'><em>*tabulas</em></span> <span class='ocrx_word' id='word_1_183' title='bbox 331 1946 446 2016; x_wconf 78' lang='lat' dir='ltr'><em>pugnat</em></span> <span class='ocrx_word' id='word_1_184' title='bbox 463 1938 562 1997; x_wconf 83' lang='lat' dir='ltr'><em>habere</em></span> <span class='ocrx_word' id='word_1_185' title='bbox 582 1939 638 1995; x_wconf 88' lang='lat' dir='ltr'><em>nui</em></span> <span class='ocrx_word' id='word_1_186' title='bbox 654 1936 707 1996; x_wconf 91' lang='lat' dir='ltr'><em>sed</em></span> <span class='ocrx_word' id='word_1_187' title='bbox 726 1946 820 1995; x_wconf 92' lang='lat' dir='ltr'><em>totum</em></span> <span class='ocrx_word' id='word_1_188' title='bbox 839 1936 967 1997; x_wconf 83' lang='lat' dir='ltr'><em>Carmen</em></span> <span class='ocrx_word' id='word_1_189' title='bbox 988 1938 1027 1996; x_wconf 85' lang='lat' dir='ltr'><em>ad</em></span> <span class='ocrx_word' id='word_1_190' title='bbox 1045 1938 1215 2015; x_wconf 87' lang='lat' dir='ltr'><em>Aegyptum</em></span> <span class='ocrx_word' id='word_1_191' title='bbox 1235 1937 1310 1997; x_wconf 91' lang='lat' dir='ltr'><em>redit</em></span> <span class='ocrx_word' id='word_1_192' title='bbox 1331 1948 1360 1997; x_wconf 88' lang='lat' dir='ltr'><em>et</em></span> 
     </span>
     <span class='ocr_line' id='line_1_19' title="bbox 208 2018 1360 2098; baseline -0.002 -17"><span class='ocrx_word' id='word_1_193' title='bbox 208 2025 282 2082; x_wconf 89' lang='lat' dir='ltr'><em>inter</em></span> <span class='ocrx_word' id='word_1_194' title='bbox 302 2023 484 2098; x_wconf 86' lang='lat' dir='ltr'><em>Aegyptiaca</em></span> <span class='ocrx_word' id='word_1_195' title='bbox 504 2030 642 2080; x_wconf 90' lang='lat' dir='ltr'><em>uersatur.</em></span> <span class='ocrx_word' id='word_1_196' title='bbox 687 2018 745 2078; x_wconf 91' lang='lat' dir='ltr'><em>Sed</em></span> <span class='ocrx_word' id='word_1_197' title='bbox 765 2018 924 2095; x_wconf 88' lang='lat' dir='ltr'><em>repetenda</em></span> <span class='ocrx_word' id='word_1_198' title='bbox 943 2038 989 2080; x_wconf 91' lang='lat' dir='ltr'><em>res</em></span> <span class='ocrx_word' id='word_1_199' title='bbox 1008 2019 1102 2092; x_wconf 85' lang='lat' dir='ltr'><em>altius,</em></span> <span class='ocrx_word' id='word_1_200' title='bbox 1124 2029 1153 2078; x_wconf 91' lang='lat' dir='ltr'><em>et</em></span> <span class='ocrx_word' id='word_1_201' title='bbox 1173 2019 1211 2079; x_wconf 89' lang='lat' dir='ltr'><em>ad</em></span> <span class='ocrx_word' id='word_1_202' title='bbox 1232 2019 1360 2096; x_wconf 86' lang='lat' dir='ltr'><em>origines</em></span> 
     </span>
     <span class='ocr_line' id='line_1_20' title="bbox 208 2105 1355 2164; baseline -0.007 0"><span class='ocrx_word' id='word_1_203' title='bbox 208 2105 343 2164; x_wconf 89' lang='lat' dir='ltr'><em>uocanda</em></span> <span class='ocrx_word' id='word_1_204' title='bbox 365 2114 417 2162; x_wconf 91' lang='lat' dir='ltr'><em>est.</em></span> <span class='ocrx_word' id='word_1_205' title='bbox 1354 2117 1355 2122; x_wconf 50' lang='lat'>¹</span> 
     </span>
    </p>
   </div>
   <div class='ocr_carea' id='block_1_3' title="bbox 760 2218 810 2291">
    <p class='ocr_par' dir='ltr' id='par_1_3' title="bbox 760 2218 810 2291">
     <span class='ocr_line' id='line_1_21' title="bbox 760 2218 810 2291; baseline 0.04 -2"><span class='ocrx_word' id='word_1_206' title='bbox 760 2218 810 2291; x_wconf 90' lang='grc' dir='ltr'><em>ΙΙ.</em></span> 
     </span>
    </p>
   </div>
   <div class='ocr_carea' id='block_1_4' title="bbox 208 2349 1366 4496">
    <p class='ocr_par' dir='ltr' id='par_1_4' title="bbox 208 2349 1364 3897">
     <span class='ocr_line' id='line_1_22' title="bbox 251 2349 1362 2430; baseline -0.002 -17"><span class='ocrx_word' id='word_1_207' title='bbox 251 2354 412 2430; x_wconf 87' lang='lat' dir='ltr'><em>Scripserat</em></span> <span class='ocrx_word' id='word_1_208' title='bbox 436 2369 554 2411; x_wconf 87' lang='lat' dir='ltr'><em>carmen</em></span> <span class='ocrx_word' id='word_1_209' title='bbox 577 2351 643 2409; x_wconf 90' lang='lat' dir='ltr'><em>Ibin</em></span> <span class='ocrx_word' id='word_1_210' title='bbox 666 2349 984 2428; x_wconf 85' lang='lat' dir='ltr'><em>Callimachus,&#39;poeta</em></span> <span class='ocrx_word' id='word_1_211' title='bbox 1008 2351 1234 2422; x_wconf 84' lang='lat' dir='ltr'><em>Alexandrinus,</em></span> <span class='ocrx_word' id='word_1_212' title='bbox 1259 2361 1362 2411; x_wconf 89' lang='lat' dir='ltr'><em>contra</em></span> 
     </span>
     <span class='ocr_line' id='line_1_23' title="bbox 208 2432 1361 2511; baseline -0.002 -17"><span class='ocrx_word' id='word_1_213' title='bbox 208 2436 360 2495; x_wconf 89' lang='lat' dir='ltr'><em>inimicum</em></span> <span class='ocrx_word' id='word_1_214' title='bbox 375 2453 462 2511; x_wconf 88' lang='lat' dir='ltr'><em>quem</em></span> <span class='ocrx_word' id='word_1_215' title='bbox 479 2434 582 2493; x_wconf 87' lang='lat' dir='ltr'><em>Suidas</em></span> <span class='ocrx_word' id='word_1_216' title='bbox 598 2432 771 2508; x_wconf 88' lang='lat' dir='ltr'><em>discipulum</em></span> <span class='ocrx_word' id='word_1_217' title='bbox 786 2432 847 2491; x_wconf 88' lang='lat' dir='ltr'><em>eius</em></span> <span class='ocrx_word' id='word_1_218' title='bbox 862 2433 1063 2510; x_wconf 87' lang='lat' dir='ltr'><em>Apollonium,</em></span> <span class='ocrx_word' id='word_1_219' title='bbox 1080 2435 1250 2509; x_wconf 87' lang='lat' dir='ltr'><em>scriptorem</em></span> <span class='ocrx_word' id='word_1_220' title='bbox 1264 2433 1361 2509; x_wconf 87' lang='lat' dir='ltr'><em>Argo-</em></span> 
     </span>
     <span class='ocr_line' id='line_1_24' title="bbox 210 2512 1362 2587; baseline -0.005 -10"><span class='ocrx_word' id='word_1_221' title='bbox 210 2519 404 2586; x_wconf 87' lang='lat' dir='ltr'><em>nauticorum,</em></span> <span class='ocrx_word' id='word_1_222' title='bbox 420 2515 509 2574; x_wconf 87' lang='lat' dir='ltr'><em>fuisse</em></span> <span class='ocrx_word' id='word_1_223' title='bbox 526 2515 612 2573; x_wconf 87' lang='lat' dir='ltr'><em>tradit</em></span> <span class='ocrx_word' id='word_1_224' title='bbox 630 2533 652 2573; x_wconf 92' lang='lat' dir='ltr'><em>s.</em></span> <span class='ocrx_word' id='word_1_225' title='bbox 662 2533 690 2573; x_wconf 92' lang='lat' dir='ltr'><em>u.</em></span> <span class='ocrx_word' id='word_1_226' title='bbox 705 2512 881 2587; x_wconf 73' lang='grc' dir='ltr'>Καλλίμαχοι.</span> <span class='ocrx_word' id='word_1_227' title='bbox 909 2520 967 2570; x_wconf 80' lang='grc' dir='ltr'><em>Τῶν</em></span> <span class='ocrx_word' id='word_1_228' title='bbox 980 2517 1008 2570; x_wconf 79' lang='grc' dir='ltr'><em>δὲ</em></span> <span class='ocrx_word' id='word_1_229' title='bbox 1028 2517 1234 2583; x_wconf 60' lang='lat' dir='ltr'><em>oboedienter</em></span> <span class='ocrx_word' id='word_1_230' title='bbox 1248 2517 1306 2571; x_wconf 81' lang='grc' dir='ltr'>ἐστὶ</span> <span class='ocrx_word' id='word_1_231' title='bbox 1320 2518 1362 2571; x_wconf 77' lang='grc' dir='ltr'><em>καὶ</em></span> 
     </span>
     <span class='ocr_line' id='line_1_25' title="bbox 209 2596 1361 2670; baseline -0.003 -15"><span class='ocrx_word' id='word_1_232' title='bbox 209 2605 289 2656; x_wconf 82' lang='grc' dir='ltr'>τοῦτο</span> <span class='ocrx_word' id='word_1_233' title='bbox 304 2644 310 2657; x_wconf 93' lang='grc'><strong>.</strong></span> <span class='ocrx_word' id='word_1_234' title='bbox 326 2643 331 2655; x_wconf 96' lang='grc'>.</span> <span class='ocrx_word' id='word_1_235' title='bbox 348 2642 354 2656; x_wconf 96' lang='grc'><strong><em>.</em></strong></span> <span class='ocrx_word' id='word_1_236' title='bbox 371 2596 463 2664; x_wconf 59' lang='grc' dir='ltr'>,Ἶβιν</span> <span class='ocrx_word' id='word_1_237' title='bbox 484 2600 543 2654; x_wconf 78' lang='grc' dir='ltr'>ἔστι</span> <span class='ocrx_word' id='word_1_238' title='bbox 562 2599 590 2652; x_wconf 78' lang='grc' dir='ltr'><em>δὲ</em></span> <span class='ocrx_word' id='word_1_239' title='bbox 610 2601 706 2667; x_wconf 77' lang='grc' dir='ltr'>ποίημα</span> <span class='ocrx_word' id='word_1_240' title='bbox 726 2596 946 2667; x_wconf 77' lang='grc' dir='ltr'>ἐπιτετηδευμένον</span> <span class='ocrx_word' id='word_1_241' title='bbox 960 2598 996 2654; x_wconf 79' lang='lat' dir='ltr'><em>els</em></span> <span class='ocrx_word' id='word_1_242' title='bbox 1016 2597 1147 2670; x_wconf 80' lang='grc' dir='ltr'>ἀσάφειαν</span> <span class='ocrx_word' id='word_1_243' title='bbox 1161 2599 1202 2652; x_wconf 86' lang='grc' dir='ltr'><em>καὶ</em></span> <span class='ocrx_word' id='word_1_244' title='bbox 1222 2598 1361 2669; x_wconf 81' lang='grc' dir='ltr'>λοιδορίαν,</span> 
     </span>
     <span class='ocr_line' id='line_1_26' title="bbox 210 2677 1363 2753; baseline -0.001 -17"><span class='ocrx_word' id='word_1_245' title='bbox 210 2680 247 2740; x_wconf 74' lang='grc' dir='ltr'><em>εἷς</em></span> <span class='ocrx_word' id='word_1_246' title='bbox 260 2704 315 2737; x_wconf 82' lang='grc' dir='ltr'>τινα</span> <span class='ocrx_word' id='word_1_247' title='bbox 324 2679 401 2750; x_wconf 83' lang='grc' dir='ltr'>Ἶβιν,</span> <span class='ocrx_word' id='word_1_248' title='bbox 416 2683 552 2753; x_wconf 81' lang='grc' dir='ltr'>γενόμενον</span> <span class='ocrx_word' id='word_1_249' title='bbox 565 2679 658 2750; x_wconf 80' lang='grc' dir='ltr'>ἐχθρὸν</span> <span class='ocrx_word' id='word_1_250' title='bbox 674 2679 850 2748; x_wconf 81' lang='grc' dir='ltr'>Καλλιμάχου·</span> <span class='ocrx_word' id='word_1_251' title='bbox 871 2677 901 2748; x_wconf 77' lang='grc' dir='ltr'><em>ἦν</em></span> <span class='ocrx_word' id='word_1_252' title='bbox 915 2679 942 2733; x_wconf 75' lang='grc' dir='ltr'><em>δὲ</em></span> <span class='ocrx_word' id='word_1_253' title='bbox 956 2677 1031 2734; x_wconf 76' lang='grc' dir='ltr'>οὗτος</span> <span class='ocrx_word' id='word_1_254' title='bbox 1039 2677 1215 2736; x_wconf 71' lang='grc' dir='ltr'>Ἀπολλώνιος</span> <span class='ocrx_word' id='word_1_255' title='bbox 1228 2681 1243 2732; x_wconf 86' lang='grc' dir='ltr'>δ</span> <span class='ocrx_word' id='word_1_256' title='bbox 1255 2681 1363 2752; x_wconf 73' lang='grc' dir='ltr'>γράψας</span> 
     </span>
     <span class='ocr_line' id='line_1_27' title="bbox 209 2757 1362 2836; baseline 0 -18"><span class='ocrx_word' id='word_1_257' title='bbox 209 2765 243 2818; x_wconf 81' lang='grc' dir='ltr'><em>τὰ</em></span> <span class='ocrx_word' id='word_1_258' title='bbox 255 2763 445 2836; x_wconf 68' lang='grc' dir='ltr'>Ἀργοναυτικά.</span> <span class='ocrx_word' id='word_1_259' title='bbox 478 2759 576 2817; x_wconf 89' lang='lat' dir='ltr'><em>Huius</em></span> <span class='ocrx_word' id='word_1_260' title='bbox 591 2757 758 2818; x_wconf 81' lang='lat' dir='ltr'><em>inimicitiae</em></span> <span class='ocrx_word' id='word_1_261' title='bbox 773 2775 860 2818; x_wconf 88' lang='lat' dir='ltr'><em>causa</em></span> <span class='ocrx_word' id='word_1_262' title='bbox 874 2777 950 2835; x_wconf 89' lang='lat' dir='ltr'><em>quae</em></span> <span class='ocrx_word' id='word_1_263' title='bbox 965 2758 1049 2817; x_wconf 87' lang='lat' dir='ltr'><em>suerit</em></span> <span class='ocrx_word' id='word_1_264' title='bbox 1062 2759 1206 2831; x_wconf 90' lang='lat' dir='ltr'><em>nescitur;</em></span> <span class='ocrx_word' id='word_1_265' title='bbox 1228 2758 1362 2834; x_wconf 91' lang='lat' dir='ltr'><em>apleris·</em></span> 
     </span>
     <span class='ocr_line' id='line_1_28' title="bbox 210 2839 1362 2920; baseline -0.002 -19"><span class='ocrx_word' id='word_1_266' title='bbox 210 2862 268 2920; x_wconf 92' lang='lat' dir='ltr'><em>que</em></span> <span class='ocrx_word' id='word_1_267' title='bbox 289 2843 413 2902; x_wconf 90' lang='lat' dir='ltr'><em>creditur</em></span> <span class='ocrx_word' id='word_1_268' title='bbox 433 2851 497 2900; x_wconf 90' lang='lat' dir='ltr'><em>orta</em></span> <span class='ocrx_word' id='word_1_269' title='bbox 517 2859 554 2899; x_wconf 84' lang='lat' dir='ltr'><em>ex</em></span> <span class='ocrx_word' id='word_1_270' title='bbox 574 2840 684 2899; x_wconf 88' lang='lat' dir='ltr'><em>inuidia</em></span> <span class='ocrx_word' id='word_1_271' title='bbox 704 2857 780 2916; x_wconf 90' lang='lat' dir='ltr'><em>quae</em></span> <span class='ocrx_word' id='word_1_272' title='bbox 800 2840 875 2901; x_wconf 90' lang='lat' dir='ltr'><em>inter</em></span> <span class='ocrx_word' id='word_1_273' title='bbox 893 2839 997 2899; x_wconf 87' lang='lat' dir='ltr'><em>riuales</em></span> <span class='ocrx_word' id='word_1_274' title='bbox 1012 2859 1048 2899; x_wconf 83' lang='lat' dir='ltr'><em>ex</em></span> <span class='ocrx_word' id='word_1_275' title='bbox 1063 2841 1240 2899; x_wconf 85' lang='lat' dir='ltr'><em>carminibus</em></span> <span class='ocrx_word' id='word_1_276' title='bbox 1255 2858 1362 2916; x_wconf 89' lang='lat' dir='ltr'><em>proue-</em></span> 
     </span>
     <span class='ocr_line' id='line_1_29' title="bbox 210 2921 1363 2998; baseline -0.002 -16"><span class='ocrx_word' id='word_1_277' title='bbox 210 2925 293 2983; x_wconf 90' lang='lat' dir='ltr'><em>nerit.</em></span> <span class='ocrx_word' id='word_1_278' title='bbox 335 2922 459 2982; x_wconf 87' lang='lat' dir='ltr'><em>Constat</em></span> <span class='ocrx_word' id='word_1_279' title='bbox 471 2922 664 2998; x_wconf 83' lang='lat' dir='ltr'><em>Apollonium</em></span> <span class='ocrx_word' id='word_1_280' title='bbox 684 2921 822 2980; x_wconf 92' lang='lat' dir='ltr'><em>eductum</em></span> <span class='ocrx_word' id='word_1_281' title='bbox 839 2922 870 2979; x_wconf 92' lang='lat' dir='ltr'><em>in</em></span> <span class='ocrx_word' id='word_1_282' title='bbox 891 2922 981 2981; x_wconf 91' lang='lat' dir='ltr'><em>domo</em></span> <span class='ocrx_word' id='word_1_283' title='bbox 997 2921 1166 2981; x_wconf 86' lang='lat' dir='ltr'><em>Callimachi</em></span> <span class='ocrx_word' id='word_1_284' title='bbox 1184 2939 1251 2981; x_wconf 89' lang='lat' dir='ltr'><em>cum</em></span> <span class='ocrx_word' id='word_1_285' title='bbox 1266 2922 1363 2998; x_wconf 86' lang='lat' dir='ltr'><em>Argo-</em></span> 
     </span>
     <span class='ocr_line' id='line_1_30' title="bbox 210 3003 1362 3079; baseline -0.001 -15"><span class='ocrx_word' id='word_1_286' title='bbox 210 3007 326 3064; x_wconf 87' lang='lat' dir='ltr'><em>nautica</em></span> <span class='ocrx_word' id='word_1_287' title='bbox 347 3004 442 3064; x_wconf 89' lang='lat' dir='ltr'><em>adhuc</em></span> <span class='ocrx_word' id='word_1_288' title='bbox 464 3004 635 3062; x_wconf 84' lang='lat' dir='ltr'><em>adulescens</em></span> <span class='ocrx_word' id='word_1_289' title='bbox 657 3003 814 3075; x_wconf 86' lang='lat' dir='ltr'><em>recitasset,</em></span> <span class='ocrx_word' id='word_1_290' title='bbox 836 3003 912 3062; x_wconf 89' lang='lat' dir='ltr'><em>adeo</em></span> <span class='ocrx_word' id='word_1_291' title='bbox 934 3021 995 3062; x_wconf 91' lang='lat' dir='ltr'><em>non</em></span> <span class='ocrx_word' id='word_1_292' title='bbox 1014 3003 1158 3079; x_wconf 89' lang='lat' dir='ltr'><em>placuisse</em></span> <span class='ocrx_word' id='word_1_293' title='bbox 1178 3004 1362 3063; x_wconf 87' lang='lat' dir='ltr'><em>audientibus</em></span> 
     </span>
     <span class='ocr_line' id='line_1_31' title="bbox 209 3080 1363 3164; baseline -0.003 -18"><span class='ocrx_word' id='word_1_294' title='bbox 209 3097 242 3146; x_wconf 92' lang='lat' dir='ltr'><em>ut</em></span> <span class='ocrx_word' id='word_1_295' title='bbox 263 3105 331 3146; x_wconf 87' lang='lat' dir='ltr'><em>cum</em></span> <span class='ocrx_word' id='word_1_296' title='bbox 352 3088 458 3145; x_wconf 89' lang='lat' dir='ltr'><em>rubore</em></span> <span class='ocrx_word' id='word_1_297' title='bbox 472 3080 650 3164; x_wconf 77' lang='grc' dir='ltr'>(ἐρυθρὶασας)</span> <span class='ocrx_word' id='word_1_298' title='bbox 672 3083 833 3143; x_wconf 91' lang='lat' dir='ltr'><em>discederet</em></span> <span class='ocrx_word' id='word_1_299' title='bbox 857 3083 928 3164; x_wconf 90' lang='lat' dir='ltr'><em>(Vit.</em></span> <span class='ocrx_word' id='word_1_300' title='bbox 951 3085 1104 3161; x_wconf 93' lang='lat' dir='ltr'><em>Apollonii</em></span> <span class='ocrx_word' id='word_1_301' title='bbox 1125 3103 1176 3161; x_wconf 92' lang='lat' dir='ltr'><em>pp.</em></span> <span class='ocrx_word' id='word_1_302' title='bbox 1200 3099 1269 3160; x_wconf 81' lang='lat'><em>532,</em></span> <span class='ocrx_word' id='word_1_303' title='bbox 1292 3104 1310 3159; x_wconf 85' lang='lat'>4</span> <span class='ocrx_word' id='word_1_304' title='bbox 1332 3086 1363 3143; x_wconf 92' lang='lat' dir='ltr'><em>in</em></span> 
     </span>
     <span class='ocr_line' id='line_1_32' title="bbox 212 3164 1362 3243; baseline -0.003 -15"><span class='ocrx_word' id='word_1_305' title='bbox 212 3168 396 3228; x_wconf 89' lang='lat' dir='ltr'><em>Schohorum</em></span> <span class='ocrx_word' id='word_1_306' title='bbox 422 3167 467 3226; x_wconf 90' lang='lat' dir='ltr'><em>ed.</em></span> <span class='ocrx_word' id='word_1_307' title='bbox 491 3164 647 3243; x_wconf 84' lang='lat' dir='ltr'><em>Keiliana),</em></span> <span class='ocrx_word' id='word_1_308' title='bbox 672 3183 798 3242; x_wconf 91' lang='lat' dir='ltr'><em>cumque</em></span> <span class='ocrx_word' id='word_1_309' title='bbox 822 3166 1015 3242; x_wconf 86' lang='lat' dir='ltr'><em>ignominiam</em></span> <span class='ocrx_word' id='word_1_310' title='bbox 1039 3165 1119 3243; x_wconf 89' lang='lat' dir='ltr'><em>apud</em></span> <span class='ocrx_word' id='word_1_311' title='bbox 1141 3167 1220 3226; x_wconf 91' lang='lat' dir='ltr'><em>ciues</em></span> <span class='ocrx_word' id='word_1_312' title='bbox 1243 3177 1273 3226; x_wconf 91' lang='lat' dir='ltr'><em>et</em></span> <span class='ocrx_word' id='word_1_313' title='bbox 1296 3167 1362 3226; x_wconf 89' lang='lat' dir='ltr'><em>reli·</em></span> 
     </span>
     <span class='ocr_line' id='line_1_33' title="bbox 211 3246 1362 3326; baseline -0.002 -18"><span class='ocrx_word' id='word_1_314' title='bbox 211 3268 338 3326; x_wconf 89' lang='lat' dir='ltr'><em>quorum</em></span> <span class='ocrx_word' id='word_1_315' title='bbox 365 3259 519 3325; x_wconf 88' lang='lat' dir='ltr'><em>poetarum</em></span> <span class='ocrx_word' id='word_1_316' title='bbox 547 3247 723 3306; x_wconf 84' lang='lat' dir='ltr'><em>calumniam</em></span> <span class='ocrx_word' id='word_1_317' title='bbox 743 3246 817 3306; x_wconf 84' lang='lat' dir='ltr'><em>ferre</em></span> <span class='ocrx_word' id='word_1_318' title='bbox 846 3265 908 3306; x_wconf 92' lang='lat' dir='ltr'><em>non</em></span> <span class='ocrx_word' id='word_1_319' title='bbox 937 3257 1048 3324; x_wconf 89' lang='lat' dir='ltr'><em>posset,</em></span> <span class='ocrx_word' id='word_1_320' title='bbox 1076 3248 1178 3307; x_wconf 89' lang='lat' dir='ltr'><em>relicta</em></span> <span class='ocrx_word' id='word_1_321' title='bbox 1207 3249 1301 3326; x_wconf 86' lang='lat' dir='ltr'><em>patria</em></span> <span class='ocrx_word' id='word_1_322' title='bbox 1330 3249 1362 3307; x_wconf 91' lang='lat' dir='ltr'><em>in</em></span> 
     </span>
     <span class='ocr_line' id='line_1_34' title="bbox 212 3329 1362 3406; baseline -0.002 -16"><span class='ocrx_word' id='word_1_323' title='bbox 212 3331 352 3390; x_wconf 91' lang='lat' dir='ltr'><em>Rhodum</em></span> <span class='ocrx_word' id='word_1_324' title='bbox 376 3331 438 3388; x_wconf 92' lang='lat' dir='ltr'><em>iret.</em></span> <span class='ocrx_word' id='word_1_325' title='bbox 480 3330 613 3389; x_wconf 90' lang='lat' dir='ltr'><em>Creditur</em></span> <span class='ocrx_word' id='word_1_326' title='bbox 636 3329 709 3388; x_wconf 89' lang='lat' dir='ltr'><em>haec</em></span> <span class='ocrx_word' id='word_1_327' title='bbox 734 3329 819 3404; x_wconf 88' lang='lat' dir='ltr'><em>origo</em></span> <span class='ocrx_word' id='word_1_328' title='bbox 843 3329 932 3388; x_wconf 86' lang='lat' dir='ltr'><em>luisse</em></span> <span class='ocrx_word' id='word_1_329' title='bbox 952 3329 1045 3387; x_wconf 89' lang='lat' dir='ltr'><em>litium</em></span> <span class='ocrx_word' id='word_1_330' title='bbox 1066 3347 1140 3406; x_wconf 89' lang='lat' dir='ltr'><em>quas</em></span> <span class='ocrx_word' id='word_1_331' title='bbox 1162 3330 1237 3388; x_wconf 92' lang='lat' dir='ltr'><em>inter</em></span> <span class='ocrx_word' id='word_1_332' title='bbox 1258 3340 1362 3406; x_wconf 91' lang='lat' dir='ltr'><em>poetas</em></span> 
     </span>
     <span class='ocr_line' id='line_1_35' title="bbox 211 3410 1362 3487; baseline -0.003 -15"><span class='ocrx_word' id='word_1_333' title='bbox 211 3414 340 3472; x_wconf 86' lang='lat' dir='ltr'><em>extitisse</em></span> <span class='ocrx_word' id='word_1_334' title='bbox 368 3413 513 3482; x_wconf 69' lang='lat' dir='ltr'><em>nouimus</em></span> <span class='ocrx_word' id='word_1_335' title='bbox 536 3411 597 3470; x_wconf 86' lang='lat' dir='ltr'><em>siue</em></span> <span class='ocrx_word' id='word_1_336' title='bbox 621 3411 755 3469; x_wconf 90' lang='lat' dir='ltr'><em>recitarat</em></span> <span class='ocrx_word' id='word_1_337' title='bbox 776 3410 951 3486; x_wconf 87' lang='lat' dir='ltr'><em>Apollonius</em></span> <span class='ocrx_word' id='word_1_338' title='bbox 976 3411 1094 3471; x_wconf 90' lang='lat' dir='ltr'><em>nolente</em></span> <span class='ocrx_word' id='word_1_339' title='bbox 1122 3411 1273 3487; x_wconf 86' lang='lat' dir='ltr'><em>magistro,</em></span> <span class='ocrx_word' id='word_1_340' title='bbox 1300 3412 1362 3471; x_wconf 89' lang='lat' dir='ltr'><em>siue</em></span> 
     </span>
     <span class='ocr_line' id='line_1_36' title="bbox 211 3493 1362 3572; baseline -0.002 -19"><span class='ocrx_word' id='word_1_341' title='bbox 211 3495 375 3572; x_wconf 88' lang='lat' dir='ltr'><em>praeceptis</em></span> <span class='ocrx_word' id='word_1_342' title='bbox 403 3494 464 3552; x_wconf 89' lang='lat' dir='ltr'><em>eius</em></span> <span class='ocrx_word' id='word_1_343' title='bbox 492 3493 589 3551; x_wconf 90' lang='lat' dir='ltr'><em>minus</em></span> <span class='ocrx_word' id='word_1_344' title='bbox 616 3493 782 3561; x_wconf 86' lang='lat' dir='ltr'><em>obsecutus,</em></span> <span class='ocrx_word' id='word_1_345' title='bbox 811 3493 848 3551; x_wconf 89' lang='lat' dir='ltr'><em>ad</em></span> <span class='ocrx_word' id='word_1_346' title='bbox 877 3502 976 3552; x_wconf 88' lang='lat' dir='ltr'><em>uetera</em></span> <span class='ocrx_word' id='word_1_347' title='bbox 1004 3502 1033 3552; x_wconf 90' lang='lat' dir='ltr'><em>et</em></span> <span class='ocrx_word' id='word_1_348' title='bbox 1060 3493 1151 3552; x_wconf 89' lang='lat' dir='ltr'><em>uetita</em></span> <span class='ocrx_word' id='word_1_349' title='bbox 1180 3493 1306 3552; x_wconf 88' lang='lat' dir='ltr'><em>redierat</em></span> <span class='ocrx_word' id='word_1_350' title='bbox 1333 3503 1362 3551; x_wconf 92' lang='lat' dir='ltr'><em>et</em></span> 
     </span>
     <span class='ocr_line' id='line_1_37' title="bbox 211 3572 1362 3660; baseline -0.001 -27"><span class='ocrx_word' id='word_1_351' title='bbox 211 3585 365 3652; x_wconf 88' lang='lat' dir='ltr'><em>propterea</em></span> <span class='ocrx_word' id='word_1_352' title='bbox 393 3573 596 3634; x_wconf 90' lang='lat' dir='ltr'><em>Callimacheis</em></span> <span class='ocrx_word' id='word_1_353' title='bbox 624 3583 712 3650; x_wconf 86' lang='lat' dir='ltr'><em>atque</em></span> <span class='ocrx_word' id='word_1_354' title='bbox 743 3573 818 3632; x_wconf 86' lang='lat' dir='ltr'><em>adeo</em></span> <span class='ocrx_word' id='word_1_355' title='bbox 852 3574 922 3660; x_wconf 27' lang='lat' dir='ltr'><em>ipsi!</em></span> <span class='ocrx_word' id='word_1_356' title='bbox 935 3573 1117 3634; x_wconf 87' lang='lat' dir='ltr'><em>Callimacho</em></span> <span class='ocrx_word' id='word_1_357' title='bbox 1150 3572 1362 3650; x_wconf 78' lang='lat' dir='ltr'><em>displicuerat*</em></span> 
     </span>
     <span class='ocr_line' id='line_1_38' title="bbox 212 3655 1364 3732; baseline -0.002 -17"><span class='ocrx_word' id='word_1_358' title='bbox 212 3657 364 3732; x_wconf 89' lang='lat' dir='ltr'><em>Quidquid</em></span> <span class='ocrx_word' id='word_1_359' title='bbox 377 3656 439 3727; x_wconf 87' lang='lat' dir='ltr'><em>luit,</em></span> <span class='ocrx_word' id='word_1_360' title='bbox 454 3666 609 3732; x_wconf 89' lang='lat' dir='ltr'><em>supersunt</em></span> <span class='ocrx_word' id='word_1_361' title='bbox 623 3673 698 3732; x_wconf 88' lang='lat' dir='ltr'><em>quae</em></span> <span class='ocrx_word' id='word_1_362' title='bbox 711 3655 804 3714; x_wconf 86' lang='lat' dir='ltr'><em>rixam</em></span> <span class='ocrx_word' id='word_1_363' title='bbox 819 3664 967 3714; x_wconf 89' lang='lat' dir='ltr'><em>testentur.</em></span> <span class='ocrx_word' id='word_1_364' title='bbox 1009 3655 1095 3716; x_wconf 90' lang='lat' dir='ltr'><em>Haec</em></span> <span class='ocrx_word' id='word_1_365' title='bbox 1112 3656 1229 3732; x_wconf 84' lang='lat' dir='ltr'><em>collegit</em></span> <span class='ocrx_word' id='word_1_366' title='bbox 1244 3655 1364 3715; x_wconf 90' lang='lat' dir='ltr'><em>Merke-</em></span> 
     </span>
     <span class='ocr_line' id='line_1_39' title="bbox 212 3735 1363 3815; baseline -0.003 -18"><span class='ocrx_word' id='word_1_367' title='bbox 212 3738 267 3798; x_wconf 91' lang='lat' dir='ltr'><em>lius</em></span> <span class='ocrx_word' id='word_1_368' title='bbox 293 3745 412 3815; x_wconf 90' lang='lat' dir='ltr'><em>etpost</em></span> <span class='ocrx_word' id='word_1_369' title='bbox 436 3755 504 3798; x_wconf 90' lang='lat' dir='ltr'><em>enm</em></span> <span class='ocrx_word' id='word_1_370' title='bbox 529 3736 724 3796; x_wconf 89' lang='lat' dir='ltr'><em>Schneiderus</em></span> <span class='ocrx_word' id='word_1_371' title='bbox 745 3746 774 3796; x_wconf 91' lang='lat' dir='ltr'><em>et</em></span> <span class='ocrx_word' id='word_1_372' title='bbox 796 3736 964 3802; x_wconf 77' lang='lat' dir='ltr'><em>Couatius†</em></span> <span class='ocrx_word' id='word_1_373' title='bbox 1007 3735 1086 3796; x_wconf 90' lang='lat' dir='ltr'><em>Nam</em></span> <span class='ocrx_word' id='word_1_374' title='bbox 1109 3737 1308 3796; x_wconf 86' lang='lat' dir='ltr'><em>Callimachus</em></span> <span class='ocrx_word' id='word_1_375' title='bbox 1331 3737 1363 3794; x_wconf 92' lang='lat' dir='ltr'><em>in</em></span> 
     </span>
     <span class='ocr_line' id='line_1_40' title="bbox 214 3818 1341 3897; baseline -0.001 -19"><span class='ocrx_word' id='word_1_376' title='bbox 214 3819 337 3897; x_wconf 87' lang='lat' dir='ltr'><em>Hymno</em></span> <span class='ocrx_word' id='word_1_377' title='bbox 351 3820 497 3896; x_wconf 86' lang='lat' dir='ltr'><em>Apollinis</em></span> <span class='ocrx_word' id='word_1_378' title='bbox 512 3819 705 3894; x_wconf 87' lang='lat' dir='ltr'><em>Apollonium</em></span> <span class='ocrx_word' id='word_1_379' title='bbox 719 3818 844 3877; x_wconf 90' lang='lat' dir='ltr'><em>ereditur</em></span> <span class='ocrx_word' id='word_1_380' title='bbox 858 3819 987 3895; x_wconf 87' lang='lat' dir='ltr'><em>tetigisse</em></span> <span class='ocrx_word' id='word_1_381' title='bbox 1000 3819 1045 3878; x_wconf 92' lang='lat' dir='ltr'><em>his</em></span> <span class='ocrx_word' id='word_1_382' title='bbox 1059 3819 1166 3878; x_wconf 90' lang='lat' dir='ltr'><em>ultimis</em></span> <span class='ocrx_word' id='word_1_383' title='bbox 1180 3819 1313 3878; x_wconf 89' lang='lat' dir='ltr'><em>uersibus</em></span> <span class='ocrx_word' id='word_1_384' title='bbox 1322 3823 1341 3891; x_wconf 57' lang='grc' dir='ltr'><em>ἐς</em></span> 
     </span>
    </p>

    <p class='ocr_par' dir='ltr' id='par_1_5' title="bbox 375 3898 1129 4057">
     <span class='ocr_line' id='line_1_41' title="bbox 375 3898 1086 3973; baseline 0.001 -17"><span class='ocrx_word' id='word_1_385' title='bbox 375 3903 406 3956; x_wconf 83' lang='lat' dir='ltr'><em>‘O</em></span> <span class='ocrx_word' id='word_1_386' title='bbox 428 3903 524 3959; x_wconf 71' lang='grc' dir='ltr'>Φθόνον</span> <span class='ocrx_word' id='word_1_387' title='bbox 543 3901 710 3958; x_wconf 77' lang='grc' dir='ltr'>’Λπόλλωνος</span> <span class='ocrx_word' id='word_1_388' title='bbox 729 3901 773 3966; x_wconf 74' lang='grc' dir='ltr'><em>ἐπ’,</em></span> <span class='ocrx_word' id='word_1_389' title='bbox 790 3905 862 3956; x_wconf 68' lang='lat' dir='ltr'><em>otiare</em></span> <span class='ocrx_word' id='word_1_390' title='bbox 881 3902 987 3973; x_wconf 80' lang='grc' dir='ltr'>λάθριος</span> <span class='ocrx_word' id='word_1_391' title='bbox 1007 3898 1086 3973; x_wconf 82' lang='grc' dir='ltr'>εἶπεν,</span> 
     </span>
     <span class='ocr_line' id='line_1_42' title="bbox 378 3980 1129 4057; baseline 0.003 -19"><span class='ocrx_word' id='word_1_392' title='bbox 378 3985 431 4038; x_wconf 81' lang='grc' dir='ltr'><em>Οὔκ</em></span> <span class='ocrx_word' id='word_1_393' title='bbox 451 3985 546 4057; x_wconf 75' lang='grc' dir='ltr'>ἄγαμοι</span> <span class='ocrx_word' id='word_1_394' title='bbox 566 3986 611 4038; x_wconf 83' lang='grc' dir='ltr'><em>τὸν</em></span> <span class='ocrx_word' id='word_1_395' title='bbox 631 3984 716 4040; x_wconf 82' lang='grc' dir='ltr'>ἀοιδὸν</span> <span class='ocrx_word' id='word_1_396' title='bbox 737 3982 765 4040; x_wconf 75' lang='grc' dir='ltr'><em>δι</em></span> <span class='ocrx_word' id='word_1_397' title='bbox 786 3980 840 4038; x_wconf 79' lang='grc' dir='ltr'>οὐδ’</span> <span class='ocrx_word' id='word_1_398' title='bbox 861 3981 913 4039; x_wconf 85' lang='grc' dir='ltr'><em>ὅσα</em></span> <span class='ocrx_word' id='word_1_399' title='bbox 932 3985 1024 4041; x_wconf 81' lang='grc' dir='ltr'>πόντος</span> <span class='ocrx_word' id='word_1_400' title='bbox 1045 3983 1129 4040; x_wconf 77' lang='grc' dir='ltr'>ἀείδει.</span> 
     </span>
    </p>

    <p class='ocr_par' dir='ltr' id='par_1_6' title="bbox 215 4105 1365 4233">
     <span class='ocr_line' id='line_1_43' title="bbox 247 4105 1365 4166; baseline -0.001 -13"><span class='ocrx_word' id='word_1_401' title='bbox 247 4109 261 4143; x_wconf 88' lang='grc'><em>*</em></span> <span class='ocrx_word' id='word_1_402' title='bbox 278 4107 345 4153; x_wconf 79' lang='lat' dir='ltr'><em>Hauc</em></span> <span class='ocrx_word' id='word_1_403' title='bbox 362 4106 509 4159; x_wconf 85' lang='lat' dir='ltr'><em>sententiam,</em></span> <span class='ocrx_word' id='word_1_404' title='bbox 523 4107 586 4152; x_wconf 86' lang='lat' dir='ltr'><em>cuius</em></span> <span class='ocrx_word' id='word_1_405' title='bbox 599 4113 679 4152; x_wconf 88' lang='lat' dir='ltr'><em>auctor</em></span> <span class='ocrx_word' id='word_1_406' title='bbox 691 4105 734 4151; x_wconf 85' lang='lat' dir='ltr'><em>fuit</em></span> <span class='ocrx_word' id='word_1_407' title='bbox 745 4105 876 4153; x_wconf 86' lang='lat' dir='ltr'><em>Gerhardus</em></span> <span class='ocrx_word' id='word_1_408' title='bbox 888 4105 993 4152; x_wconf 90' lang='lat' dir='ltr'><em>Lection.</em></span> <span class='ocrx_word' id='word_1_409' title='bbox 1005 4105 1209 4164; x_wconf 81' lang='lat' dir='ltr'><em>Apollonianarum</em></span> <span class='ocrx_word' id='word_1_410' title='bbox 1221 4118 1244 4163; x_wconf 90' lang='lat' dir='ltr'><em>p.</em></span> <span class='ocrx_word' id='word_1_411' title='bbox 1257 4117 1281 4166; x_wconf 82' lang='lat'><em>4,</em></span> <span class='ocrx_word' id='word_1_412' title='bbox 1294 4105 1365 4152; x_wconf 80' lang='lat' dir='ltr'><em>etiam</em></span> 
     </span>
     <span class='ocr_line' id='line_1_44' title="bbox 215 4167 1273 4233; baseline -0.003 -14"><span class='ocrx_word' id='word_1_413' title='bbox 215 4172 354 4220; x_wconf 84' lang='lat' dir='ltr'><em>Ritschelius</em></span> <span class='ocrx_word' id='word_1_414' title='bbox 365 4172 470 4232; x_wconf 82' lang='lat' dir='ltr'><em>probauit</em></span> <span class='ocrx_word' id='word_1_415' title='bbox 482 4171 639 4233; x_wconf 89' lang='lat' dir='ltr'><em>Chronologie</em></span> <span class='ocrx_word' id='word_1_416' title='bbox 650 4171 690 4217; x_wconf 90' lang='lat' dir='ltr'><em>der</em></span> <span class='ocrx_word' id='word_1_417' title='bbox 701 4170 782 4217; x_wconf 85' lang='lat' dir='ltr'><em>Ersten</em></span> <span class='ocrx_word' id='word_1_418' title='bbox 793 4170 1014 4218; x_wconf 81' lang='lat' dir='ltr'><em>Alexandrinischeu</em></span> <span class='ocrx_word' id='word_1_419' title='bbox 1026 4169 1189 4216; x_wconf 85' lang='lat' dir='ltr'><em>Bibliothekcn</em></span> <span class='ocrx_word' id='word_1_420' title='bbox 1200 4185 1223 4230; x_wconf 92' lang='lat' dir='ltr'><em>p.</em></span> <span class='ocrx_word' id='word_1_421' title='bbox 1233 4167 1273 4233; x_wconf 88' lang='lat'><em>69.</em></span> 
     </span>
    </p>

    <p class='ocr_par' dir='ltr' id='par_1_7' title="bbox 214 4233 1366 4366">
     <span class='ocr_line' id='line_1_45' title="bbox 246 4233 1366 4298; baseline 0.001 -15"><span class='ocrx_word' id='word_1_422' title='bbox 246 4238 266 4295; x_wconf 91' lang='lat'>†</span> <span class='ocrx_word' id='word_1_423' title='bbox 283 4239 317 4284; x_wconf 89' lang='lat' dir='ltr'><em>La</em></span> <span class='ocrx_word' id='word_1_424' title='bbox 333 4237 433 4298; x_wconf 72' lang='lat' dir='ltr'><em>querella</em></span> <span class='ocrx_word' id='word_1_425' title='bbox 449 4236 477 4282; x_wconf 91' lang='lat' dir='ltr'><em>de</em></span> <span class='ocrx_word' id='word_1_426' title='bbox 494 4236 637 4297; x_wconf 86' lang='lat' dir='ltr'><em>Callimaque</em></span> <span class='ocrx_word' id='word_1_427' title='bbox 654 4245 677 4282; x_wconf 90' lang='lat' dir='ltr'><em>et</em></span> <span class='ocrx_word' id='word_1_428' title='bbox 695 4233 857 4296; x_wconf 84' lang='lat' dir='ltr'><em>d’Apollonius,</em></span> <span class='ocrx_word' id='word_1_429' title='bbox 869 4237 954 4284; x_wconf 75' lang='lat' dir='ltr'><em>extruit</em></span> <span class='ocrx_word' id='word_1_430' title='bbox 971 4237 1000 4284; x_wconf 87' lang='lat' dir='ltr'><em>de</em></span> <span class='ocrx_word' id='word_1_431' title='bbox 1016 4235 1148 4284; x_wconf 84' lang='lat' dir='ltr'><em>l’Annuuire</em></span> <span class='ocrx_word' id='word_1_432' title='bbox 1161 4237 1189 4283; x_wconf 84' lang='lat' dir='ltr'><em>de</em></span> <span class='ocrx_word' id='word_1_433' title='bbox 1204 4233 1366 4284; x_wconf 84' lang='lat' dir='ltr'><em>l’Association</em></span> 
     </span>
     <span class='ocr_line' id='line_1_46' title="bbox 214 4301 1108 4366; baseline 0 -16"><span class='ocrx_word' id='word_1_434' title='bbox 214 4317 273 4364; x_wconf 90' lang='lat' dir='ltr'><em>pour</em></span> <span class='ocrx_word' id='word_1_435' title='bbox 284 4302 494 4366; x_wconf 85' lang='lat' dir='ltr'><em>l&#39;encouragement</em></span> <span class='ocrx_word' id='word_1_436' title='bbox 506 4302 545 4348; x_wconf 83' lang='lat' dir='ltr'><em>des</em></span> <span class='ocrx_word' id='word_1_437' title='bbox 557 4301 637 4348; x_wconf 76' lang='lat' dir='ltr'><em>etudes</em></span> <span class='ocrx_word' id='word_1_438' title='bbox 648 4301 763 4362; x_wconf 87' lang='lat' dir='ltr'><em>Grecques</em></span> <span class='ocrx_word' id='word_1_439' title='bbox 775 4317 803 4348; x_wconf 88' lang='lat' dir='ltr'><em>eu</em></span> <span class='ocrx_word' id='word_1_440' title='bbox 815 4301 908 4349; x_wconf 85' lang='lat' dir='ltr'><em>France.</em></span> <span class='ocrx_word' id='word_1_441' title='bbox 942 4302 1023 4348; x_wconf 76' lang='lat' dir='ltr'><em>Annde</em></span> <span class='ocrx_word' id='word_1_442' title='bbox 1036 4301 1108 4364; x_wconf 82' lang='lat'><em>1877.</em></span> 
     </span>
    </p>

    <p class='ocr_par' dir='ltr' id='par_1_8' title="bbox 215 4366 1366 4496">
     <span class='ocr_line' id='line_1_47' title="bbox 248 4366 1365 4430; baseline 0 -16"><span class='ocrx_word' id='word_1_443' title='bbox 248 4368 330 4424; x_wconf 71' lang='lat' dir='ltr'><em>ssHos</em></span> <span class='ocrx_word' id='word_1_444' title='bbox 348 4383 426 4415; x_wconf 84' lang='lat' dir='ltr'><em>uersus</em></span> <span class='ocrx_word' id='word_1_445' title='bbox 444 4367 554 4415; x_wconf 81' lang='lat' dir='ltr'><em>Canutius</em></span> <span class='ocrx_word' id='word_1_446' title='bbox 572 4382 595 4427; x_wconf 93' lang='lat' dir='ltr'><em>p.</em></span> <span class='ocrx_word' id='word_1_447' title='bbox 609 4380 639 4430; x_wconf 85' lang='lat'><em>29</em></span> <span class='ocrx_word' id='word_1_448' title='bbox 658 4376 735 4414; x_wconf 88' lang='lat' dir='ltr'><em>censet</em></span> <span class='ocrx_word' id='word_1_449' title='bbox 753 4368 816 4428; x_wconf 83' lang='lat' dir='ltr'><em>quasi</em></span> <span class='ocrx_word' id='word_1_450' title='bbox 834 4367 950 4430; x_wconf 80' lang='lat' dir='ltr'><em>epilogum</em></span> <span class='ocrx_word' id='word_1_451' title='bbox 968 4368 1058 4415; x_wconf 83' lang='lat' dir='ltr'><em>additos</em></span> <span class='ocrx_word' id='word_1_452' title='bbox 1076 4383 1089 4414; x_wconf 87' lang='lat' dir='ltr'><em>a</em></span> <span class='ocrx_word' id='word_1_453' title='bbox 1106 4366 1256 4423; x_wconf 84' lang='lat' dir='ltr'><em>Callimacho,</em></span> <span class='ocrx_word' id='word_1_454' title='bbox 1276 4381 1329 4414; x_wconf 88' lang='lat' dir='ltr'><em>cum</em></span> <span class='ocrx_word' id='word_1_455' title='bbox 1347 4367 1365 4414; x_wconf 90' lang='lat' dir='ltr'><em>is</em></span> 
     </span>
     <span class='ocr_line' id='line_1_48' title="bbox 215 4432 1366 4496; baseline -0.003 -15"><span class='ocrx_word' id='word_1_456' title='bbox 215 4433 355 4496; x_wconf 88' lang='lat' dir='ltr'><em>hymnorum</em></span> <span class='ocrx_word' id='word_1_457' title='bbox 367 4441 442 4480; x_wconf 87' lang='lat' dir='ltr'><em>totam</em></span> <span class='ocrx_word' id='word_1_458' title='bbox 453 4433 534 4480; x_wconf 88' lang='lat' dir='ltr'><em>seriem</em></span> <span class='ocrx_word' id='word_1_459' title='bbox 546 4433 646 4481; x_wconf 88' lang='lat' dir='ltr'><em>editurus</em></span> <span class='ocrx_word' id='word_1_460' title='bbox 662 4433 769 4479; x_wconf 79' lang='lat' dir='ltr'><em>ultimam</em></span> <span class='ocrx_word' id='word_1_461' title='bbox 786 4447 880 4479; x_wconf 83' lang='lat' dir='ltr'><em>manum</em></span> <span class='ocrx_word' id='word_1_462' title='bbox 897 4433 1017 4480; x_wconf 83' lang='lat' dir='ltr'><em>certamini</em></span> <span class='ocrx_word' id='word_1_463' title='bbox 1035 4433 1104 4481; x_wconf 88' lang='lat' dir='ltr'><em>uellet</em></span> <span class='ocrx_word' id='word_1_464' title='bbox 1121 4434 1246 4493; x_wconf 87' lang='lat' dir='ltr'><em>imponere,</em></span> <span class='ocrx_word' id='word_1_465' title='bbox 1259 4441 1283 4479; x_wconf 86' lang='lat' dir='ltr'><em>et</em></span> <span class='ocrx_word' id='word_1_466' title='bbox 1294 4432 1366 4492; x_wconf 80' lang='lat' dir='ltr'><em>Apol-</em></span> 
     </span>
    </p>
   </div>
   <div class='ocr_carea' id='block_1_5' title="bbox 215 4499 1366 4628">
    <p class='ocr_par' dir='ltr' id='par_1_9' title="bbox 215 4499 1366 4628">
     <span class='ocr_line' id='line_1_49' title="bbox 215 4499 1366 4560; baseline 0.001 -15"><span class='ocrx_word' id='word_1_467' title='bbox 215 4500 285 4546; x_wconf 90' lang='lat' dir='ltr'><em>linem</em></span> <span class='ocrx_word' id='word_1_468' title='bbox 297 4500 320 4545; x_wconf 91' lang='lat' dir='ltr'><em>in</em></span> <span class='ocrx_word' id='word_1_469' title='bbox 331 4499 377 4546; x_wconf 91' lang='lat' dir='ltr'><em>fine</em></span> <span class='ocrx_word' id='word_1_470' title='bbox 388 4499 494 4545; x_wconf 84' lang='lat' dir='ltr'><em>carminis</em></span> <span class='ocrx_word' id='word_1_471' title='bbox 510 4507 593 4546; x_wconf 89' lang='lat' dir='ltr'><em>testem</em></span> <span class='ocrx_word' id='word_1_472' title='bbox 610 4499 694 4546; x_wconf 85' lang='lat' dir='ltr'><em>faceret</em></span> <span class='ocrx_word' id='word_1_473' title='bbox 709 4499 828 4557; x_wconf 84' lang='lat' dir='ltr'><em>uictoriae,</em></span> <span class='ocrx_word' id='word_1_474' title='bbox 840 4500 898 4546; x_wconf 86' lang='lat' dir='ltr'><em>sicut</em></span> <span class='ocrx_word' id='word_1_475' title='bbox 914 4500 943 4547; x_wconf 83' lang='lat' dir='ltr'><em>ab</em></span> <span class='ocrx_word' id='word_1_476' title='bbox 960 4499 1043 4548; x_wconf 86' lang='lat' dir='ltr'><em>eodem</em></span> <span class='ocrx_word' id='word_1_477' title='bbox 1057 4499 1101 4547; x_wconf 88' lang='lat' dir='ltr'><em>deo</em></span> <span class='ocrx_word' id='word_1_478' title='bbox 1114 4499 1249 4560; x_wconf 83' lang='lat' dir='ltr'><em>Apollonius</em></span> <span class='ocrx_word' id='word_1_479' title='bbox 1266 4499 1290 4546; x_wconf 91' lang='lat' dir='ltr'><em>in</em></span> <span class='ocrx_word' id='word_1_480' title='bbox 1305 4499 1366 4560; x_wconf 87' lang='lat' dir='ltr'><em>priu-</em></span> 
     </span>
     <span class='ocr_line' id='line_1_50' title="bbox 215 4564 797 4628; baseline 0.002 -17"><span class='ocrx_word' id='word_1_481' title='bbox 215 4565 275 4625; x_wconf 86' lang='lat' dir='ltr'><em>cipio</em></span> <span class='ocrx_word' id='word_1_482' title='bbox 287 4565 459 4628; x_wconf 82' lang='lat' dir='ltr'><em>Argonauticon</em></span> <span class='ocrx_word' id='word_1_483' title='bbox 469 4565 594 4626; x_wconf 87' lang='lat' dir='ltr'><em>primordia</em></span> <span class='ocrx_word' id='word_1_484' title='bbox 606 4567 679 4626; x_wconf 87' lang='lat' dir='ltr'><em>operis</em></span> <span class='ocrx_word' id='word_1_485' title='bbox 690 4564 797 4613; x_wconf 85' lang='lat' dir='ltr'><em>duxisset.</em></span> 
     </span>
    </p>
   </div>
   <div class='ocr_carea' id='block_1_6' title="bbox 0 0 1664 5214">
    <p class='ocr_par' dir='ltr' id='par_1_10' title="bbox 0 0 1664 5214">
     <span class='ocr_line' id='line_1_51' title="bbox 0 0 1664 5214; baseline 0 0"><span class='ocrx_word' id='word_1_486' title='bbox 0 0 1664 5214; x_wconf 95' lang='lat' dir='ltr'><em> </em></span> 
     </span>
    </p>
   </div>
  </div>
 </body>
</html>
