3312 5200
707 471 752 532 IN
775 471 871 533 IBIN.
1325 483 1360 536 81

208 631 340 710 Apollini
354 642 507 707 uouemnt,
519 631 703 693 Theodotum
715 652 768 694 no·
787 671 789 677 .
810 633 988 712 Liparaeum
1027 633 1138 694 dictum
1172 633 1364 695 Theocritum

209 717 297 775 mine.
339 716 378 776 P..
808 717 895 776 morti
912 719 952 776 ob
973 717 1117 776 honorem
1138 716 1250 776 Phoebi
1272 718 1364 778 deuo·

809 808 920 857 uerunt.
948 797 1040 858 Mure
1052 817 1074 858 s.
1083 817 1111 858 u.
1127 797 1301 858 Theocritus
1315 799 1363 858 uel

809 878 988 940 Theodatus.

158 1028 163 1036 1
237 959 447 1019 *Theodotus
469 970 556 1035 poeta
576 959 637 1028 suit,
659 961 718 1037 qui,
740 977 809 1020 cum
836 960 953 1022 liberius
974 963 1005 1020 in
1029 958 1240 1022 Mnesarchum
1261 976 1362 1038 regem

207 1041 380 1182 {cripsisseu
408 1042 446 1100 ab
475 1059 512 1100 eo
541 1041 695 1102 crudeliter
721 1043 753 1100 in
776 1041 921 1119 Apollinis
950 1042 1023 1102 aede
1052 1061 1154 1102 caesus
1182 1051 1234 1103 est
1294 1041 1363 1103 Cod.

232 1123 372 1198 aluugns'i.

202 1211 204 1220 ’
249 1203 398 1281 Intelligas
422 1203 460 1262 de
483 1202 643 1263 Theudoto
666 1222 735 1280 rege
758 1204 976 1265 Bactrianorum
999 1205 1049 1282 qui
1071 1205 1193 1264 Phoebo
1218 1213 1363 1265 mactatus

204 1283 261 1344 fuit
289 1287 326 1344 ab
354 1286 459 1345 Arsace
486 1303 556 1361 rege
584 1284 765 1345 Parthorum.
816 1286 875 1346 Vol.
898 1285 970 1364 ch.
997 1288 1085 1359 2061,
1109 1288 1270 1362 similiaque
1291 1287 1363 1348 Pal.

209 1379 297 1442 1709.

248 1452 318 1523 467.
340 1448 407 1507 Aut
424 1457 456 1507 te
472 1447 651 1507 deuoueat.
693 1447 763 1508 Mos
846 1448 1026 1510 Callimacus
1048 1448 1118 1508 dicit
1142 1448 1223 1526 quod
1245 1446 1363 1508 Abdera

206 1527 268 1588 erat
295 1531 326 1588 in
353 1529 472 1588 Abdera
499 1529 614 1588 ciuitate
642 1531 763 1607 singulis
804 1540 848 1590 est
875 1532 976 1592 ciuitas
999 1531 1031 1590 in
1048 1545 1111 1608 'qua
1133 1530 1197 1589 talis
1220 1541 1264 1589 est
1286 1543 1362 1603 mot,

206 1611 292 1670 annis
305 1610 456 1670 hominem
471 1610 603 1670 inmolari
623 1630 677 1688 pro
695 1630 763 1688 pec·
804 1612 885 1690 quod
911 1631 972 1673 uno
1000 1628 1119 1689 quoque
1154 1629 1234 1670 anno
1271 1621 1362 1671 totam

207 1693 280 1750 catis
308 1692 425 1764 ciuium,
450 1690 502 1752 sed
528 1693 607 1768 prius
635 1693 672 1751 vii
701 1693 762 1753 die·
803 1695 950 1754 ciuitatem
985 1694 1100 1771 publice
1129 1692 1296 1764 lustrabant,
1332 1702 1363 1752 et

205 1773 261 1832 bus
289 1774 536 1834 excommunicari
566 1784 598 1831 ut
628 1775 670 1833 sic
697 1793 761 1834 om·
802 1776 930 1852 aliquem
951 1775 1058 1835 ciuium
1079 1792 1169 1850 quem
1191 1774 1223 1840 in
1245 1775 1293 1854 illa
1314 1773 1363 1833 die

205 1855 288 1913 nium
301 1865 423 1933 peccata
437 1857 517 1915 solus
530 1855 657 1915 haberet.
703 1855 739 1915 G.
802 1857 949 1916 habebant
970 1857 1110 1917 deuotum
1134 1874 1188 1935 pro
1216 1849 1361 1933 capitibus

805 1939 938 1998 omnium
962 1939 1105 2016 lapidibus
1126 1937 1309 1998 occidebant.
1335 1935 1363 1998 C
1423 1958 1426 1964 ·

803 2019 910 2079 elAsk.
1042 2074 1047 2086 ,

247 2099 400 2160 Abderitae
416 2101 483 2160 dicti
505 2111 573 2160 sunt
594 2102 623 2160 in
638 2119 698 2162 uno
714 2117 832 2180 quoque
847 2119 927 2180 anno
944 2101 1081 2160 lustrasse
1097 2119 1127 2160 se
1143 2100 1268 2178 publice,
1286 2108 1315 2159 et
1329 2101 1360 2159 in

206 2182 252 2243 his
267 2193 399 2261 emptum
413 2183 565 2242 hominem
579 2201 633 2260 pro
648 2184 791 2261 capitibus
805 2179 938 2243 omnium
953 2182 1093 2243 deuotum
1114 2182 1259 2260 lapidibus
1281 2183 1360 2241 occi·

207 2264 325 2324 debant.
366 2265 431 2322 P.-

248 2348 317 2420 469.
352 2346 421 2404 Aut
475 2346 573 2405 Iouis
628 2345 763 2406 infesti.
848 2347 1022 2406 *Procustes
1052 2340 1145 2428 [satus
1177 2339 1359 2427 Hipponoo]

210 2424 358 2486 *Demeus
372 2427 447 2485 filius
459 2427 495 2484 H
497 2428 618 2504 ipponoi·
630 2440 659 2488 et
673 2429 764 2492 †Pac-
805 2437 850 2489 est
864 2428 1031 2487 fulminatus
1049 2445 1066 2485 a
1080 2427 1240 2502 Ioue·quia
1254 2427 1316 2503 ipse
1331 2438 1360 2485 et

207 2517 287 2568 tama
300 2518 383 2584 pater
397 2508 548 2568 Dexiones
563 2529 616 2587 pro
634 2511 764 2586 nequitia
805 2509 909 2568 Iouem
931 2508 1084 2585 negligens
1103 2508 1191 2566 filiam
1211 2525 1295 2566 suam
1315 2508 1360 2577 irt-

207 2608 260 2648 sua
274 2609 291 2648 a
305 2589 350 2648 dis
364 2588 507 2648 fulminati
522 2601 596 2650 sunt.
642 2591 679 2651 G.
802 2591 962 2662 terfecerat‚
991 2591 1059 2668 quia
1087 2589 1191 2648 Iouem
1224 2607 1292 2648 cum
1324 2605 1359 2648 ea

249 2671 424 2730 *Procustes
478 2671 554 2730 filius
609 2673 762 2748 Hippouoi
804 2673 996 2733 concubuisse
1048 2671 1186 2731 audierat.
1260 2673 1360 2746 patei

208 2751 375 2811 Teleboum
384 2753 521 2830 princeps
531 2753 613 2829 periit
622 2773 689 2812 cum
701 2764 762 2812 tota
803 2752 1006 2825 Dexithoes,
1029 2751 1046 2812 i.
1062 2753 1168 2822 Acrita,
1190 2749 1358 2811 fulminatus

208 2832 318 2891 familia
339 2833 506 2892 fulminatus
529 2845 653 2912 excepta
673 2836 762 2895 Dexi·
803 2845 848 2894 est
862 2854 880 2894 a
894 2835 966 2894 Ioue
981 2834 1084 2894 eadem
1100 2833 1137 2892 de
1152 2850 1249 2893 causa.
1295 2830 1361 2891 Cet

208 2916 275 2973 thoe
296 2933 315 2972 a
335 2932 394 2992 qua
415 2915 525 2992 Iupiter
547 2917 674 2992 quadam
698 2918 763 2976 uice
803 2917 873 2976 Ari.

208 2995 301 3054 suerat
316 2996 487 3072 hospitatus.
519 2998 566 3056 uel
581 2998 668 3068 aliter,
680 3009 763 3076 pater
844 2998 1020 3057 Telchinum
1060 2997 1198 3073 princeps
1236 2994 1359 3054 fulmine

208 3076 379 3148 Dexitlroes,
410 3078 442 3136 id
472 3087 515 3137 est
543 3083 638 3156 †paua
662 3085 762 3144 curtat
804 3081 888 3158 periit
901 3098 970 3138 cum
984 3088 1045 3138 tota
1059 3097 1112 3138 sua
1127 3078 1219 3137 domo
1233 3087 1359 3153 excepta

206 3167 393 3297 ffintemptor
427 3158 549 3218 deorum
586 3160 761 3221 fulminatus.
804 3161 861 3219 filia
876 3162 957 3220 cuius
972 3170 1033 3220 erat
1048 3159 1157 3237 Iupiter
1165 3175 1243 3238 ‚usus
1257 3157 1359 3236 hospi-

247 3259 305 3298 ure.
803 3245 851 3303 tio.
893 3243 932 3302 P.

208 3386 350 3460 Liparium
362 3394 482 3442 castrum
493 3389 531 3443 ed.
544 3392 634 3443 Paris.
694 3388 859 3443 todotumP
913 3388 1106 3457 lippareMure
1159 3387 1358 3448 tirrenisMure

206 3456 410 3512 deuorauerunt
423 3460 500 3514 Mure
570 3459 845 3531 bastrianorumReg.
917 3465 1006 3513 assate
1018 3461 1080 3531 Reg.

242 3531 304 3594 467.
322 3529 446 3599 ciuitate]
461 3546 493 3584 .c.
508 3532 532 3585 G
578 3546 662 3600 quem
675 3531 813 3584 habebant
826 3532 960 3584 deuotum
972 3530 1016 3583 illa
1028 3532 1072 3585 die
1084 3533 1150 3586 Ask.
1202 3530 1358 3586 obruebant

209 3601 275 3654 Ask.
329 3599 480 3654 abdrideP
539 3600 639 3655 Similia
651 3604 730 3656 Mure
741 3623 762 3655 s.
776 3620 801 3655 u.
814 3599 924 3654 Abdera
936 3607 978 3654 est
990 3607 1065 3656 terra
1077 3602 1104 3654 in
1117 3617 1174 3671 qua
1184 3601 1211 3654 in
1225 3601 1357 3655 Kalendis

209 3670 327 3724 Ianuarii
340 3670 464 3724 homiues
481 3671 607 3738 indigene
626 3688 711 3724 unum
730 3676 855 3740 emptum
872 3687 923 3740 pro
942 3671 1075 3739 capitibus
1088 3673 1211 3725 omnium
1223 3672 1356 3725 deuotum

207 3740 372 3809 lapidabant.
409 3741 482 3796 uude
500 3741 626 3796 homines
644 3743 714 3796 illius
735 3749 809 3797 terre
827 3743 958 3795 dicuntur
975 3741 1068 3796 abdite
1087 3741 1116 3811 (l.
1135 3741 1270 3810 abderite)
1291 3742 1357 3794 Gon·

205 3814 334 3866 staulinus
353 3814 475 3866 Fanensis
493 3815 556 3867 citat
574 3814 728 3868 Scholiasten
741 3815 819 3868 Statii
830 3814 902 3867 theb.
915 3815 952 3868 X.
967 3828 1017 3878 793
1038 3815 1080 3868 ubi
1097 3814 1137 3866 tic
1156 3831 1209 3866 mos
1227 3813 1357 3866 lustrandi

204 3884 334 3937 ciuitatem
348 3885 462 3937 humana
475 3885 557 3938 hostia
571 3885 686 3938 Gallicus
697 3904 748 3938 esse
759 3884 862 3938 dicitur.
900 3915 903 3922 ·

242 3955 303 4019 469.
329 3956 430 4008 Scholia
454 3966 574 4024 corrupta
674 3953 808 4024 Demens]
834 3955 906 4008 Num
932 3953 1096 4008 Deioneusi
1126 3954 1199 4009 Nam
1224 3953 1355 4008 Deionides

206 4023 297 4078 Ouidio
314 4025 355 4078 M.
375 4027 426 4078 IX.
445 4045 497 4091 444
516 4025 621 4079 Miletus
639 4038 696 4082 est:
725 4025 830 4080 Miletus
847 4035 933 4079 autem
952 4037 1023 4096 nepos
1036 4025 1180 4078 Dexithoes.
1199 4028 1233 4092 cs.
1246 4024 1283 4076 ad
1294 4038 1357 4088 475.

206 4093 347 4162 ipomoiG
442 4096 551 4164 ypomei
564 4098 641 4150 Mure
736 4097 858 4150 theleldn
871 4096 947 4149 Mure
1045 4095 1301 4148 uulminatusMure
1316 4096 1356 4148 bis

206 4171 323 4232 excepta
335 4169 394 4218 tota
407 4164 508 4219 familia
520 4168 577 4220 eius
590 4166 702 4220 dexiroe
716 4169 792 4221 Mure
880 4166 1004 4219 dexitoes
1016 4166 1094 4219 Mure
1181 4163 1354 4234 pauacurta]

205 4236 250 4288 An
259 4241 418 4304 panagyrta,
427 4238 492 4305 quod
503 4239 564 4290 coni.
578 4240 610 4290 lo.
622 4238 819 4291 Wordseuorlhl
836 4238 908 4290 Num
918 4240 1091 4290 uniuersorum
1100 4237 1211 4306 deceptor
1221 4234 1354 4306 (ἀγύρτης)

205 4309 292 4360 uocari
302 4318 407 4375 poterat
419 4308 513 4361 Telchis
526 4328 573 4362 rex
585 4309 736 4376 Telchinum,
748 4312 790 4377 qui
802 4310 829 4360 in
844 4309 991 4362 daemonum
1004 4326 1107 4360 numero
1121 4319 1145 4360 et
1157 4310 1271 4377 magicas
1284 4319 1356 4362 artes

204 4394 317 4430 exercere
333 4378 504 4445 putabantur.
552 4379 594 4431 Au
613 4379 650 4432 ad
669 4379 787 4433 ἀκεῖσθαι
804 4379 961 4445 reflereudum
979 4397 1065 4431 nomen
1083 4390 1129 4445 est,
1147 4390 1175 4431 ut
1194 4378 1356 4448 intelligatur

206 4447 390 4517 Aesculapius?
408 4449 479 4501 Nam
491 4452 621 4503 Panaceia
634 4470 685 4504 uua
690 4451 748 4516 fuit
759 4470 791 4503 ex
793 4448 903 4518 filiabus
917 4450 1063 4518 Aesculapii
1109 4455 1183 4502 satus
1193 4447 1355 4518 Hipponoo]

205 4517 290 4572 om.G
367 4519 423 4585 ipse
442 4525 470 4573 et
484 4519 685 4574 iouemGAsk.
765 4518 942 4573 concubuisse
955 4535 1017 4575 cum
1031 4521 1141 4573 eaAsk.
1221 4520 1359 4575 desitosC

205 4587 362 4644 eandemC.
412 4588 611 4644 ‘Thelchinum
624 4595 656 4647 P.
909 4613 913 4620 ·

770 4678 794 4725 G
