3312 5200
291 465 330 519 46
773 457 955 520 SCHOLIA

333 637 381 694 92.
403 617 540 678 Plenius
560 617 717 694 ingenio:
744 617 762 675 i.
778 616 947 694 plusquam
962 617 1056 694 possit
1069 617 1235 693 excogitari.
1277 618 1320 676 H.

334 715 382 774 95.
404 699 496 760 Ibin:
519 700 537 759 i.
551 698 652 758 similis
666 697 738 758 ibidi
750 707 870 776 propter
884 699 1096 758 inmunditiam.
1142 698 1176 760 C.

333 784 381 856 96.
406 781 484 841 has:
514 799 590 859 quae
610 791 678 840 sunt
699 781 729 838 iu
750 779 824 839 libro
846 797 923 840 meo.
945 798 1063 856 preces
1085 800 1137 859 per
1157 781 1334 842 contrarium
1352 783 1384 843 id
1401 791 1452 843 est

291 864 516 940 imprecationes
531 875 559 922 et
573 861 791 921 maledictiones
805 861 835 920 in
850 879 906 920 me.
951 860 985 922 C.

334 959 381 1021 97.
403 947 438 1005 in
459 963 519 1004 me.
562 943 738 1021 Metaphora
752 951 796 1002 est
812 952 929 1021 sumpta
943 961 960 1002 a
975 945 1126 1003 sacerdote
1144 944 1194 1022 qui
1213 943 1289 1004 sacta
1308 946 1363 1005 diis
1384 946 1451 1004 uic·

291 1028 362 1086 tima
376 1028 504 1087 securius
517 1035 606 1085 uouet
620 1035 650 1084 ut
665 1043 717 1084 sua
731 1024 802 1084 fiant
815 1035 903 1099 uota;
923 1025 967 1083 cui
982 1025 1091 1084 debent
1109 1024 1222 1086 fauere
1242 1027 1272 1085 in
1290 1027 1350 1086 suis
1367 1028 1450 1087 uotis

291 1111 342 1188 qui
356 1111 498 1168 intersunt
513 1107 610 1166 sacris
657 1105 692 1166 C.

337 1209 402 1250 101.
434 1189 580 1249 Pedibus
611 1188 725 1248 laeuis.
782 1187 818 1246 In
846 1187 955 1265 gaudio
981 1189 1143 1249 occurritur
1170 1188 1272 1249 dextro
1300 1189 1386 1267 pede,
1415 1191 1448 1250 in

291 1271 391 1332 lunere
412 1272 506 1330 laeuo.
551 1270 585 1330 C.

337 1373 402 1412 102.
425 1352 466 1411 Et
486 1353 618 1428 nigrae:
640 1351 713 1410 sicut
727 1351 757 1409 in
772 1350 881 1423 funere,
896 1351 964 1429 quia
977 1351 1083 1411 inuidis
1097 1352 1184 1412 funus
1198 1351 1328 1413 inminet.
1372 1353 1408 1414 C.

337 1454 402 1510 103.
425 1434 564 1494 ferales:
586 1434 604 1492 i.
618 1432 782 1492 mortiferas
796 1450 814 1490 a
829 1432 912 1492 ieron
929 1434 1010 1510 quod
1025 1442 1069 1492 est
1083 1444 1240 1493 mortuum.
1284 1434 1319 1495 C.

333 1519 454 1576 uittas:
485 1517 591 1592 quibus
616 1515 803 1573 inuoluuntur
832 1515 929 1592 capita
955 1525 1146 1586 mortuorum,
1171 1516 1218 1574 uel
1246 1515 1342 1575 tedas
1369 1535 1447 1593 quae

291 1599 457 1658 serebantur
471 1597 509 1656 ad
529 1596 707 1673 sepulturam
729 1614 796 1654 cum
816 1614 878 1654 non
897 1605 974 1656 esset
991 1604 1060 1656 tunc
1078 1615 1149 1656 usus
1167 1597 1362 1672 candelarum,
1376 1599 1448 1676 quia

292 1699 330 1740 ex
344 1681 415 1757 ipsis
429 1678 642 1738 accendebatur
656 1677 732 1753 ignis
746 1677 807 1736 siue
821 1695 919 1753 rogus.
965 1675 1000 1737 C.

337 1780 403 1834 ¹04·
424 1761 550 1820 funeris
579 1777 634 1818 ara
661 1759 720 1820 tui.
771 1758 876 1836 Rogus
900 1768 944 1819 est
968 1777 1110 1820 accensus
1134 1778 1202 1820 curn
1227 1778 1289 1839 quo
1313 1771 1447 1820 mortuus

292 1843 480 1904 comburens
522 1841 566 1901 H.

337 1938 404 1998 107.
428 1922 533 1981 Terra
560 1923 632 1982 tibi.
683 1921 762 1983 Ecce
789 1923 879 1982 uerba
907 1923 956 1982 tibi
986 1923 1152 1984 execrantia
1175 1925 1259 2001 quasi
1287 1924 1447 1985 sacerdotis

293 2004 488 2067 sacrificaturi.
533 2003 566 2064 C.

338 2105 404 2158 114.
424 2103 482 2227 οτέ
503 2095 685 2146 tremente:
707 2086 725 2146 i.
740 2085 871 2163 querulo,
886 2085 959 2146 sicut
978 2086 1130 2147 mendicus
1149 2105 1292 2166 quaerens
1305 2106 1359 2165 per
1373 2086 1448 2146 ostia

314 2187 409 2227 anem.
479 2212 486 2226 .

292 2188 313 2247 p
339 2269 404 2325 119.
426 2249 552 2308 odium.
595 2248 674 2309 Odio
688 2248 823 2308 habearis
837 2267 874 2307 ex
888 2249 945 2308 tuis
960 2248 1190 2310 aduersitatibus.
1234 2248 1268 2310 C.

339 2351 403 2391 121.
426 2331 528 2390 solito
542 2331 662 2391 fauore
677 2331 695 2389 i.
710 2331 909 2390 miserantium
924 2332 1141 2408 compassione.
1185 2330 1219 2392 C.

339 2433 404 2474 122.
426 2412 602 2472 *Aerumnae
619 2414 716 2489 facies
741 2413 810 2490 quia
834 2412 902 2472 dicit
926 2413 1003 2472 mala
1025 2413 1152 2473 ualentia
1175 2412 1281 2473 inferre
1308 2424 1445 2473 mortem.

339 2591 405 2654 127.
427 2577 606 2636 Euenient.
647 2574 754 2636 Precor
776 2585 807 2634 ut
825 2574 898 2634 haec
917 2575 994 2635 mala
1012 2576 1148 2636 eueniant
1162 2575 1214 2636 tibi
1235 2585 1264 2636 et
1281 2587 1359 2635 certe
1378 2595 1447 2638 eue-

293 2661 382 2720 nient.
427 2659 460 2719 C.

336 2740 423 2816 *quae
436 2741 510 2799 mr'lrr'
520 2741 604 2798 tarda
617 2740 713 2797 uenit:
734 2748 766 2797 ut
779 2756 877 2797 meam
892 2738 973 2799 liniat
987 2739 1142 2798 miseriam.
1186 2737 1219 2799 C.

339 2841 405 2897 13²·
427 2840 499 2880 sera
523 2823 632 2880 uenit:
665 2829 807 2897 quantum
828 2820 865 2879 ad
887 2830 924 2894 te,
946 2821 1014 2898 quia
1035 2821 1125 2880 uelles
1146 2838 1195 2879 me
1217 2821 1276 2880 iam
1298 2830 1446 2881 mortuum

294 2923 369 2975 esse,
384 2904 430 2963 uel
445 2913 585 2980 quantum
600 2903 638 2961 ad
652 2921 709 2972 me,
721 2902 789 2978 quia
802 2903 916 2962 miseris
931 2920 1011 2960 mors
1026 2913 1070 2962 est
1084 2903 1221 2961 inuocare
1235 2912 1370 2962 mortem.
1400 2903 1433 2964 C.

339 3000 406 3058 152.
428 2985 579 3060 plebeio:
602 2984 676 3042 sicut
690 2984 763 3042 solet
777 2982 883 3043 habere
898 2984 990 3060 plebs,
1005 2985 1075 3061 quia
1088 3002 1151 3043 non
1164 2983 1335 3045 honorifico.
1382 2983 1416 3045 C.

339 3081 405 3141 173.
426 3065 557 3141 Elysiis.
599 3065 689 3142 Elysii
703 3073 771 3124 sunt
785 3067 883 3142 campi
897 3065 1022 3141 piorum.
1066 3066 1100 3126 C.

338 3167 405 3223 209.
428 3146 536 3205 Natus
558 3165 593 3206 es
613 3147 739 3205 infelix.
782 3146 967 3206 Planetarum
988 3147 1035 3205 alii
1055 3147 1176 3223 benigni
1198 3156 1321 3219 tantum,
1343 3157 1375 3206 ut
1396 3148 1446 3206 Iu·

295 3230 370 3306 piter
388 3239 417 3287 et
430 3226 533 3286 Venus
542 3245 550 3299 ;
573 3228 620 3287 alii
640 3229 716 3300 mali,
732 3237 763 3286 ut
778 3227 859 3287 Mars
874 3239 902 3288 et
918 3229 1059 3288 Saturnus
1068 3248 1077 3301 ;
1100 3229 1147 3288 alii
1160 3230 1333 3302 mediocres,
1348 3239 1380 3288 ut
1395 3229 1446 3289 Sol

294 3321 324 3371 et
338 3310 440 3380 Luna;
463 3327 532 3368 nam
548 3309 599 3368 Sol
614 3308 771 3387 aliquando
785 3329 837 3386 per
851 3321 1003 3387 aspectum
1019 3311 1142 3370 nociuus
1156 3321 1207 3370 est
1253 3309 1287 3371 C.

336 3393 373 3451 ib.
394 3392 502 3450 Probat
516 3401 617 3449 auctor
631 3391 712 3468 quod
727 3391 798 3449 dixit
812 3410 901 3468 supra
915 3392 996 3470 quod
1009 3403 1095 3468 aptus
1107 3394 1142 3451 sit
1155 3392 1271 3452 inuidus
1281 3392 1320 3451 ad
1334 3411 1447 3468 poenas

293 3472 518 3532 innumerabiles
534 3473 694 3549 patiendas
709 3482 738 3531 et
757 3473 813 3532 hoc
830 3475 935 3550 probat
953 3475 1048 3550 primo
1063 3485 1205 3552 quantum
1223 3475 1260 3533 ad
1279 3475 1374 3533 sidera
1387 3475 1445 3533 dis·

294 3556 442 3632 ponentia,
459 3565 491 3612 2⁰
506 3563 647 3630 quantum
662 3554 700 3612 ad
714 3554 798 3631 signa
812 3556 921 3613 malum
937 3555 1130 3634 significantia
1149 3556 1198 3628 ibi,
1217 3555 1288 3614 Lux
1310 3575 1446 3632 quoque

294 3637 521 3708 natalis‚·tertio
532 3645 674 3714 quantum
689 3636 728 3695 ad
741 3635 800 3695 fata
810 3637 999 3713 cooperantia
1012 3638 1061 3711 ibi,
1072 3638 1229 3698 Protinus
1242 3637 1445 3698 Eumenides

293 3720 341 3780 uel
355 3720 401 3793 ibi,
418 3717 519 3778 Sedit
566 3717 599 3778 C.

330 3935 374 3999 96.
392 3931 595 4000 imprecationis
607 3932 747 3985 execratio
760 3932 791 3987 G..

329 4019 373 4072 97.
392 4005 440 4072 qui
451 4003 554 4056 debent
568 4004 596 4058 G.

332 4092 391 4128 102.
409 4073 481 4126 funis
494 4074 522 4127 C.

333 4162 391 4210 103.
410 4142 505 4213 uittas]
519 4144 608 4196 nictus
621 4143 649 4196 C.
762 4192 769 4198 .

332 4231 391 4279 107.
410 4216 495 4268 uerba
506 4214 558 4268 tibi
570 4217 605 4268 sio
618 4216 692 4269 codex
763 4217 919 4270 exassantia
932 4219 961 4272 G.

332 4303 391 4350 114.
410 4285 499 4339 hostia
511 4286 540 4338 C.

332 4371 391 4420 127.
408 4357 537 4409 euenient
550 4356 579 4410 C.

332 4444 392 4492 132.
410 4434 550 4479 mortuum
562 4443 622 4481 esse
634 4427 678 4481 uel
690 4427 741 4482 tibi
754 4435 783 4483 et
795 4435 838 4484 est
851 4429 925 4483 idem
937 4444 1030 4483 sensus
1043 4430 1073 4485 G.

332 4513 391 4562 171.
409 4497 516 4552 elisiiss

331 4586 390 4636 209.
410 4568 571 4637 quodquod
584 4568 611 4623 d.
624 4585 646 4626 s.
659 4570 688 4624 C.
