<?xml version="1.0" encoding="UTF-8"?>
<!DOCTYPE html PUBLIC "-//W3C//DTD XHTML 1.0 Transitional//EN"
    "http://www.w3.org/TR/xhtml1/DTD/xhtml1-transitional.dtd">
<html xmlns="http://www.w3.org/1999/xhtml" xml:lang="en" lang="en">
 <head>
  <title>
</title>
<meta http-equiv="Content-Type" content="text/html;charset=utf-8" />
  <meta name='ocr-system' content='tesseract 3.04.00' />
  <meta name='ocr-capabilities' content='ocr_page ocr_carea ocr_par ocr_line ocrx_word'/>
</head>
<body>
  <div class='ocr_page' id='page_1' title='image "./povidiinasonisi01elligoog_0213.png"; bbox 0 0 3296 5210; ppageno 0'>
   <div class='ocr_carea' id='block_1_1' title="bbox 319 423 1069 488">
    <p class='ocr_par' dir='ltr' id='par_1_1' title="bbox 319 423 1069 488">
     <span class='ocr_line' id='line_1_1' title="bbox 319 423 1069 488; baseline 0.005 -4"><span class='ocrx_word' id='word_1_1' title='bbox 319 425 378 485; x_wconf 78' lang='lat'>144</span> <span class='ocrx_word' id='word_1_2' title='bbox 721 423 1069 488; x_wconf 82' lang='lat' dir='ltr'><strong>COMMENTARIVS.</strong></span> 
     </span>
    </p>
   </div>
   <div class='ocr_carea' id='block_1_2' title="bbox 316 581 1472 672">
    <p class='ocr_par' dir='ltr' id='par_1_2' title="bbox 316 581 1472 672">
     <span class='ocr_line' id='line_1_2' title="bbox 316 581 1472 672; baseline 0.001 -35"><span class='ocrx_word' id='word_1_3' title='bbox 316 597 406 637; x_wconf 67' lang='lat' dir='ltr'>arma</span> <span class='ocrx_word' id='word_1_4' title='bbox 416 585 591 636; x_wconf 68' lang='lat' dir='ltr'>uocantem.</span> <span class='ocrx_word' id='word_1_5' title='bbox 627 581 759 650; x_wconf 86' lang='lat' dir='ltr'>Apollod.</span> <span class='ocrx_word' id='word_1_6' title='bbox 770 581 797 638; x_wconf 87' lang='lat' dir='ltr'>ii.</span> <span class='ocrx_word' id='word_1_7' title='bbox 808 595 833 650; x_wconf 90' lang='lat'>7.</span> <span class='ocrx_word' id='word_1_8' title='bbox 843 594 859 650; x_wconf 87' lang='lat'>7</span> <span class='ocrx_word' id='word_1_9' title='bbox 873 583 982 652; x_wconf 81' lang='grc' dir='ltr'>Διεξιὼν</span> <span class='ocrx_word' id='word_1_10' title='bbox 994 582 1022 636; x_wconf 74' lang='grc' dir='ltr'>δὲ</span> <span class='ocrx_word' id='word_1_11' title='bbox 1033 581 1167 650; x_wconf 86' lang='grc' dir='ltr'>Ἡρακλής</span> <span class='ocrx_word' id='word_1_12' title='bbox 1178 581 1224 651; x_wconf 84' lang='grc' dir='ltr'>τήν</span> <span class='ocrx_word' id='word_1_13' title='bbox 1236 583 1363 672; x_wconf 59' lang='grc' dir='ltr'>Δρυόηταν</span> <span class='ocrx_word' id='word_1_14' title='bbox 1374 584 1472 655; x_wconf 76' lang='grc' dir='ltr'>χώραν,</span> 
     </span>
    </p>
   </div>
   <div class='ocr_carea' id='block_1_3' title="bbox 250 651 1473 4610">
    <p class='ocr_par' dir='ltr' id='par_1_3' title="bbox 250 651 1473 4610">
     <span class='ocr_line' id='line_1_3' title="bbox 315 651 1473 723; baseline 0.002 -17"><span class='ocrx_word' id='word_1_15' title='bbox 315 651 420 722; x_wconf 77' lang='grc' dir='ltr'>ἀπορῶν</span> <span class='ocrx_word' id='word_1_16' title='bbox 445 653 554 722; x_wconf 77' lang='grc' dir='ltr'>τροφῆς,</span> <span class='ocrx_word' id='word_1_17' title='bbox 581 651 775 720; x_wconf 66' lang='grc' dir='ltr'>ἀπαντήσαντος</span> <span class='ocrx_word' id='word_1_18' title='bbox 800 653 989 720; x_wconf 80' lang='grc' dir='ltr'>θειοδάμαντος</span> <span class='ocrx_word' id='word_1_19' title='bbox 1012 654 1204 721; x_wconf 80' lang='grc' dir='ltr'>βοηλατοῦντος</span> <span class='ocrx_word' id='word_1_20' title='bbox 1226 655 1272 707; x_wconf 82' lang='grc' dir='ltr'>τὸν</span> <span class='ocrx_word' id='word_1_21' title='bbox 1302 675 1391 723; x_wconf 86' lang='grc' dir='ltr'>ετερον</span> <span class='ocrx_word' id='word_1_22' title='bbox 1420 661 1473 708; x_wconf 83' lang='grc' dir='ltr'>τῶν</span> 
     </span>
     <span class='ocr_line' id='line_1_4' title="bbox 315 719 1473 795; baseline 0.003 -18"><span class='ocrx_word' id='word_1_23' title='bbox 315 723 416 794; x_wconf 79' lang='grc' dir='ltr'>ταύρων</span> <span class='ocrx_word' id='word_1_24' title='bbox 436 721 520 778; x_wconf 88' lang='grc' dir='ltr'>λύσας</span> <span class='ocrx_word' id='word_1_25' title='bbox 540 719 698 793; x_wconf 83' lang='grc' dir='ltr'>εύωχήσατο.</span> <span class='ocrx_word' id='word_1_26' title='bbox 735 723 770 779; x_wconf 79' lang='grc' dir='ltr'>ὥς</span> <span class='ocrx_word' id='word_1_27' title='bbox 790 722 818 776; x_wconf 74' lang='grc' dir='ltr'>δέ</span> <span class='ocrx_word' id='word_1_28' title='bbox 839 722 918 792; x_wconf 71' lang='grc' dir='ltr'>ἢλθεν</span> <span class='ocrx_word' id='word_1_29' title='bbox 936 725 972 780; x_wconf 80' lang='grc' dir='ltr'>εἷς</span> <span class='ocrx_word' id='word_1_30' title='bbox 989 727 1102 794; x_wconf 81' lang='grc' dir='ltr'>Τραχῖνα</span> <span class='ocrx_word' id='word_1_31' title='bbox 1122 725 1188 793; x_wconf 89' lang='grc' dir='ltr'>πρὸς</span> <span class='ocrx_word' id='word_1_32' title='bbox 1206 722 1301 792; x_wconf 87' lang='grc' dir='ltr'>Κήυκα,</span> <span class='ocrx_word' id='word_1_33' title='bbox 1319 725 1473 795; x_wconf 78' lang='grc' dir='ltr'>ὑποδεχθεὶς</span> 
     </span>
     <span class='ocr_line' id='line_1_5' title="bbox 315 790 1472 881; baseline -0.001 -31"><span class='ocrx_word' id='word_1_34' title='bbox 315 790 359 850; x_wconf 73' lang='grc' dir='ltr'>ὑπ’</span> <span class='ocrx_word' id='word_1_35' title='bbox 389 793 467 848; x_wconf 84' lang='grc' dir='ltr'>αύτοῦ</span> <span class='ocrx_word' id='word_1_36' title='bbox 501 791 621 881; x_wconf 73' lang='grc' dir='ltr'>Δρύοπας</span> <span class='ocrx_word' id='word_1_37' title='bbox 654 793 871 863; x_wconf 78' lang='grc' dir='ltr'>κατεπολέμησεν.</span> <span class='ocrx_word' id='word_1_38' title='bbox 925 793 998 850; x_wconf 79' lang='grc' dir='ltr'>αὖθις</span> <span class='ocrx_word' id='word_1_39' title='bbox 1028 795 1056 848; x_wconf 79' lang='grc' dir='ltr'>δὲ</span> <span class='ocrx_word' id='word_1_40' title='bbox 1085 794 1181 847; x_wconf 85' lang='grc' dir='ltr'>ε’κεῖθευ</span> <span class='ocrx_word' id='word_1_41' title='bbox 1210 795 1331 863; x_wconf 83' lang='grc' dir='ltr'>ὁρμηθεὶς</span> <span class='ocrx_word' id='word_1_42' title='bbox 1361 795 1472 868; x_wconf 77' lang='grc' dir='ltr'>Αἰγιμίῳ</span> 
     </span>
     <span class='ocr_line' id='line_1_6' title="bbox 315 863 1470 935; baseline 0.004 -19"><span class='ocrx_word' id='word_1_43' title='bbox 315 865 424 929; x_wconf 79' lang='grc' dir='ltr'>βασιλεῖ</span> <span class='ocrx_word' id='word_1_44' title='bbox 442 871 561 932; x_wconf 83' lang='grc' dir='ltr'>Δοριεον</span> <span class='ocrx_word' id='word_1_45' title='bbox 581 866 755 934; x_wconf 71' lang='grc' dir='ltr'>συνεμάχησε.</span> <span class='ocrx_word' id='word_1_46' title='bbox 795 865 876 920; x_wconf 87' lang='lat' dir='ltr'>Idem</span> <span class='ocrx_word' id='word_1_47' title='bbox 897 874 993 920; x_wconf 70' lang='lat' dir='ltr'>narrm</span> <span class='ocrx_word' id='word_1_48' title='bbox 1011 863 1178 934; x_wconf 92' lang='lat' dir='ltr'>Apollonius</span> <span class='ocrx_word' id='word_1_49' title='bbox 1197 863 1215 920; x_wconf 92' lang='lat' dir='ltr'>i.</span> <span class='ocrx_word' id='word_1_50' title='bbox 1237 880 1402 935; x_wconf 85' lang='lat'>1213-1219,</span> <span class='ocrx_word' id='word_1_51' title='bbox 1420 867 1470 921; x_wconf 92' lang='lat' dir='ltr'>ubi</span> 
     </span>
     <span class='ocr_line' id='line_1_7' title="bbox 316 933 1471 1006; baseline 0.003 -18"><span class='ocrx_word' id='word_1_52' title='bbox 316 934 469 990; x_wconf 81' lang='lat' dir='ltr'><strong>scholiasta</strong></span> <span class='ocrx_word' id='word_1_53' title='bbox 483 951 543 989; x_wconf 88' lang='lat' dir='ltr'>rem</span> <span class='ocrx_word' id='word_1_54' title='bbox 562 933 603 989; x_wconf 89' lang='lat' dir='ltr'>sic</span> <span class='ocrx_word' id='word_1_55' title='bbox 620 934 755 1004; x_wconf 89' lang='lat' dir='ltr'>explicat:</span> <span class='ocrx_word' id='word_1_56' title='bbox 776 936 929 990; x_wconf 88' lang='lat' dir='ltr'>Herculem</span> <span class='ocrx_word' id='word_1_57' title='bbox 948 953 1013 990; x_wconf 89' lang='lat' dir='ltr'>cum</span> <span class='ocrx_word' id='word_1_58' title='bbox 1029 935 1058 989; x_wconf 91' lang='lat' dir='ltr'>in</span> <span class='ocrx_word' id='word_1_59' title='bbox 1073 936 1231 1005; x_wconf 90' lang='lat' dir='ltr'>Dryopiam</span> <span class='ocrx_word' id='word_1_60' title='bbox 1249 936 1382 1004; x_wconf 90' lang='lat' dir='ltr'>uenisset,</span> <span class='ocrx_word' id='word_1_61' title='bbox 1396 954 1471 1006; x_wconf 92' lang='lat' dir='ltr'>quae</span> 
     </span>
     <span class='ocr_line' id='line_1_8' title="bbox 315 1004 1470 1077; baseline 0.002 -19"><span class='ocrx_word' id='word_1_62' title='bbox 315 1004 394 1074; x_wconf 85' lang='lat' dir='ltr'>regio</span> <span class='ocrx_word' id='word_1_63' title='bbox 406 1015 450 1061; x_wconf 90' lang='lat' dir='ltr'>est</span> <span class='ocrx_word' id='word_1_64' title='bbox 467 1005 643 1060; x_wconf 86' lang='lat' dir='ltr'>contermina</span> <span class='ocrx_word' id='word_1_65' title='bbox 657 1005 762 1073; x_wconf 87' lang='lat' dir='ltr'>Maliis,</span> <span class='ocrx_word' id='word_1_66' title='bbox 774 1015 805 1060; x_wconf 92' lang='lat' dir='ltr'>ut</span> <span class='ocrx_word' id='word_1_67' title='bbox 820 1007 907 1075; x_wconf 88' lang='lat' dir='ltr'>Hyllo</span> <span class='ocrx_word' id='word_1_68' title='bbox 920 1006 977 1060; x_wconf 90' lang='lat' dir='ltr'>filio</span> <span class='ocrx_word' id='word_1_69' title='bbox 994 1016 1022 1061; x_wconf 91' lang='lat' dir='ltr'>et</span> <span class='ocrx_word' id='word_1_70' title='bbox 1037 1005 1142 1060; x_wconf 85' lang='lat' dir='ltr'>Lichae</span> <span class='ocrx_word' id='word_1_71' title='bbox 1161 1008 1236 1061; x_wconf 87' lang='lat' dir='ltr'>lame</span> <span class='ocrx_word' id='word_1_72' title='bbox 1254 1007 1391 1062; x_wconf 89' lang='lat' dir='ltr'>confectis</span> <span class='ocrx_word' id='word_1_73' title='bbox 1404 1025 1470 1077; x_wconf 91' lang='lat' dir='ltr'>sup-</span> 
     </span>
     <span class='ocr_line' id='line_1_9' title="bbox 315 1075 1471 1158; baseline 0.003 -28"><span class='ocrx_word' id='word_1_74' title='bbox 315 1076 407 1158; x_wconf 85' lang='lat' dir='ltr'>petias</span> <span class='ocrx_word' id='word_1_75' title='bbox 426 1075 486 1145; x_wconf 93' lang='lat' dir='ltr'>iret‚</span> <span class='ocrx_word' id='word_1_76' title='bbox 498 1092 517 1131; x_wconf 88' lang='lat' dir='ltr'>a</span> <span class='ocrx_word' id='word_1_77' title='bbox 529 1075 738 1132; x_wconf 87' lang='lat' dir='ltr'>Thiodamante</span> <span class='ocrx_word' id='word_1_78' title='bbox 756 1075 850 1130; x_wconf 91' lang='lat' dir='ltr'>cibum</span> <span class='ocrx_word' id='word_1_79' title='bbox 868 1076 991 1146; x_wconf 90' lang='lat' dir='ltr'>petiisse,</span> <span class='ocrx_word' id='word_1_80' title='bbox 1005 1094 1098 1147; x_wconf 89' lang='lat' dir='ltr'>neque</span> <span class='ocrx_word' id='word_1_81' title='bbox 1114 1077 1152 1131; x_wconf 88' lang='lat' dir='ltr'>ab</span> <span class='ocrx_word' id='word_1_82' title='bbox 1168 1093 1203 1132; x_wconf 91' lang='lat' dir='ltr'>eo</span> <span class='ocrx_word' id='word_1_83' title='bbox 1220 1077 1327 1132; x_wconf 89' lang='lat' dir='ltr'>tulisse.</span> <span class='ocrx_word' id='word_1_84' title='bbox 1363 1095 1420 1147; x_wconf 88' lang='lat' dir='ltr'>qua</span> <span class='ocrx_word' id='word_1_85' title='bbox 1438 1095 1471 1134; x_wconf 91' lang='lat' dir='ltr'>re</span> 
     </span>
     <span class='ocr_line' id='line_1_10' title="bbox 316 1145 1470 1216; baseline 0.002 -16"><span class='ocrx_word' id='word_1_86' title='bbox 316 1146 494 1216; x_wconf 80' lang='lat' dir='ltr'>indignatum</span> <span class='ocrx_word' id='word_1_87' title='bbox 507 1163 593 1200; x_wconf 89' lang='lat' dir='ltr'>unum</span> <span class='ocrx_word' id='word_1_88' title='bbox 605 1164 640 1202; x_wconf 89' lang='lat' dir='ltr'>ex</span> <span class='ocrx_word' id='word_1_89' title='bbox 652 1147 745 1201; x_wconf 88' lang='lat' dir='ltr'>bubus</span> <span class='ocrx_word' id='word_1_90' title='bbox 758 1145 975 1202; x_wconf 89' lang='lat' dir='ltr'>Thiodamantis</span> <span class='ocrx_word' id='word_1_91' title='bbox 989 1158 1139 1215; x_wconf 85' lang='lat' dir='ltr'>mactasse,</span> <span class='ocrx_word' id='word_1_92' title='bbox 1152 1164 1218 1201; x_wconf 90' lang='lat' dir='ltr'>mox</span> <span class='ocrx_word' id='word_1_93' title='bbox 1228 1147 1470 1208; x_wconf 89' lang='lat' dir='ltr'>Thiodamantem</span> 
     </span>
     <span class='ocr_line' id='line_1_11' title="bbox 315 1216 1470 1287; baseline 0.003 -16"><span class='ocrx_word' id='word_1_94' title='bbox 315 1217 428 1272; x_wconf 89' lang='lat' dir='ltr'>uenisse</span> <span class='ocrx_word' id='word_1_95' title='bbox 442 1234 506 1271; x_wconf 91' lang='lat' dir='ltr'>cum</span> <span class='ocrx_word' id='word_1_96' title='bbox 519 1216 577 1271; x_wconf 91' lang='lat' dir='ltr'>suis</span> <span class='ocrx_word' id='word_1_97' title='bbox 593 1228 622 1272; x_wconf 89' lang='lat' dir='ltr'>et</span> <span class='ocrx_word' id='word_1_98' title='bbox 639 1216 668 1270; x_wconf 92' lang='lat' dir='ltr'>in</span> <span class='ocrx_word' id='word_1_99' title='bbox 685 1226 795 1272; x_wconf 90' lang='lat' dir='ltr'>tantum</span> <span class='ocrx_word' id='word_1_100' title='bbox 808 1216 924 1287; x_wconf 87' lang='lat' dir='ltr'>periculi</span> <span class='ocrx_word' id='word_1_101' title='bbox 943 1217 1095 1272; x_wconf 89' lang='lat' dir='ltr'>adduxisse</span> <span class='ocrx_word' id='word_1_102' title='bbox 1110 1219 1263 1272; x_wconf 82' lang='lat' dir='ltr'>Herculem</span> <span class='ocrx_word' id='word_1_103' title='bbox 1277 1229 1306 1273; x_wconf 91' lang='lat' dir='ltr'>ut</span> <span class='ocrx_word' id='word_1_104' title='bbox 1323 1235 1392 1272; x_wconf 87' lang='lat' dir='ltr'>uxor</span> <span class='ocrx_word' id='word_1_105' title='bbox 1407 1219 1470 1274; x_wconf 91' lang='lat' dir='ltr'>eius</span> 
     </span>
     <span class='ocr_line' id='line_1_12' title="bbox 268 1287 1469 1358; baseline 0.003 -18"><span class='ocrx_word' id='word_1_106' title='bbox 268 1329 270 1334; x_wconf 93' lang='lat'><strong>.</strong></span> <span class='ocrx_word' id='word_1_107' title='bbox 317 1287 454 1342; x_wconf 87' lang='lat' dir='ltr'>Deianira</span> <span class='ocrx_word' id='word_1_108' title='bbox 472 1304 551 1342; x_wconf 88' lang='lat' dir='ltr'>arma</span> <span class='ocrx_word' id='word_1_109' title='bbox 568 1305 621 1357; x_wconf 90' lang='lat' dir='ltr'>pro</span> <span class='ocrx_word' id='word_1_110' title='bbox 638 1287 700 1342; x_wconf 91' lang='lat' dir='ltr'>uiro</span> <span class='ocrx_word' id='word_1_111' title='bbox 714 1297 817 1343; x_wconf 88' lang='lat' dir='ltr'>contra</span> <span class='ocrx_word' id='word_1_112' title='bbox 836 1290 969 1358; x_wconf 83' lang='lat' dir='ltr'>Dryopes</span> <span class='ocrx_word' id='word_1_113' title='bbox 987 1298 1128 1344; x_wconf 88' lang='lat' dir='ltr'>sumeret:</span> <span class='ocrx_word' id='word_1_114' title='bbox 1154 1289 1246 1343; x_wconf 91' lang='lat' dir='ltr'>donec</span> <span class='ocrx_word' id='word_1_115' title='bbox 1264 1287 1331 1344; x_wconf 92' lang='lat' dir='ltr'>uicti</span> <span class='ocrx_word' id='word_1_116' title='bbox 1350 1291 1469 1344; x_wconf 91' lang='lat' dir='ltr'>tandem</span> 
     </span>
     <span class='ocr_line' id='line_1_13' title="bbox 315 1357 1469 1428; baseline 0.003 -16"><span class='ocrx_word' id='word_1_117' title='bbox 315 1359 399 1414; x_wconf 89' lang='lat' dir='ltr'>sedes</span> <span class='ocrx_word' id='word_1_118' title='bbox 412 1368 561 1427; x_wconf 83' lang='lat' dir='ltr'>mutarent,</span> <span class='ocrx_word' id='word_1_119' title='bbox 574 1359 749 1413; x_wconf 88' lang='lat' dir='ltr'>Thiodamas</span> <span class='ocrx_word' id='word_1_120' title='bbox 767 1369 863 1414; x_wconf 91' lang='lat' dir='ltr'>autem</span> <span class='ocrx_word' id='word_1_121' title='bbox 882 1359 969 1413; x_wconf 88' lang='lat' dir='ltr'>filium</span> <span class='ocrx_word' id='word_1_122' title='bbox 983 1359 1080 1428; x_wconf 89' lang='lat' dir='ltr'>Hylan</span> <span class='ocrx_word' id='word_1_123' title='bbox 1100 1357 1230 1414; x_wconf 90' lang='lat' dir='ltr'>obsidem</span> <span class='ocrx_word' id='word_1_124' title='bbox 1244 1359 1360 1413; x_wconf 88' lang='lat' dir='ltr'>Herculi</span> <span class='ocrx_word' id='word_1_125' title='bbox 1378 1360 1469 1416; x_wconf 89' lang='lat' dir='ltr'>daret.</span> 
     </span>
     <span class='ocr_line' id='line_1_14' title="bbox 314 1427 1470 1500; baseline 0.002 -18"><span class='ocrx_word' id='word_1_126' title='bbox 314 1432 387 1484; x_wconf 81' lang='lat'><strong>488.</strong></span> <span class='ocrx_word' id='word_1_127' title='bbox 405 1432 616 1484; x_wconf 77' lang='lat' dir='ltr'>inhumemum</span> <span class='ocrx_word' id='word_1_128' title='bbox 633 1427 791 1496; x_wconf 90' lang='lat' dir='ltr'>‘churlish,&#39;</span> <span class='ocrx_word' id='word_1_129' title='bbox 808 1429 1008 1499; x_wconf 85' lang='lat' dir='ltr'>inhospitalem</span> <span class='ocrx_word' id='word_1_130' title='bbox 1030 1429 1097 1500; x_wconf 87' lang='lat' dir='ltr'>quia</span> <span class='ocrx_word' id='word_1_131' title='bbox 1120 1430 1258 1484; x_wconf 89' lang='lat' dir='ltr'>Hercules</span> <span class='ocrx_word' id='word_1_132' title='bbox 1282 1432 1349 1494; x_wconf 86' lang='grc' dir='ltr'>βοῦν</span> <span class='ocrx_word' id='word_1_133' title='bbox 1372 1429 1470 1500; x_wconf 73' lang='grc' dir='ltr'>ἀρότην</span> 
     </span>
     <span class='ocr_line' id='line_1_15' title="bbox 314 1498 1468 1571; baseline 0.001 -17"><span class='ocrx_word' id='word_1_134' title='bbox 314 1503 411 1570; x_wconf 77' lang='grc' dir='ltr'>ἤνωγε</span> <span class='ocrx_word' id='word_1_135' title='bbox 435 1499 636 1571; x_wconf 77' lang='grc' dir='ltr'>παρασχέμεν</span> <span class='ocrx_word' id='word_1_136' title='bbox 660 1500 714 1554; x_wconf 91' lang='grc' dir='ltr'>ούκ</span> <span class='ocrx_word' id='word_1_137' title='bbox 738 1498 895 1554; x_wconf 83' lang='grc' dir='ltr'>ε’θέλοντα.</span> <span class='ocrx_word' id='word_1_138' title='bbox 933 1502 986 1570; x_wconf 92' lang='lat' dir='ltr'>Ap.</span> <span class='ocrx_word' id='word_1_139' title='bbox 1001 1502 1036 1555; x_wconf 94' lang='lat' dir='ltr'>R.</span> <span class='ocrx_word' id='word_1_140' title='bbox 1050 1500 1068 1555; x_wconf 84' lang='lat' dir='ltr'>i.</span> <span class='ocrx_word' id='word_1_141' title='bbox 1083 1514 1159 1567; x_wconf 86' lang='lat'><strong>1217.</strong></span> <span class='ocrx_word' id='word_1_142' title='bbox 1212 1504 1338 1566; x_wconf 78' lang='lat' dir='ltr'>Dryops</span> <span class='ocrx_word' id='word_1_143' title='bbox 1362 1518 1468 1556; x_wconf 89' lang='lat' dir='ltr'>nomen</span> 
     </span>
     <span class='ocr_line' id='line_1_16' title="bbox 314 1570 1467 1641; baseline 0.002 -16"><span class='ocrx_word' id='word_1_144' title='bbox 314 1571 416 1640; x_wconf 87' lang='lat' dir='ltr'>gentis,</span> <span class='ocrx_word' id='word_1_145' title='bbox 431 1581 462 1625; x_wconf 92' lang='lat' dir='ltr'>ut</span> <span class='ocrx_word' id='word_1_146' title='bbox 475 1570 621 1640; x_wconf 86' lang='lat' dir='ltr'>Aethiops.</span> <span class='ocrx_word' id='word_1_147' title='bbox 659 1571 789 1640; x_wconf 87' lang='lat' dir='ltr'>Dymans</span> <span class='ocrx_word' id='word_1_148' title='bbox 806 1571 883 1641; x_wconf 92' lang='lat' dir='ltr'>quod</span> <span class='ocrx_word' id='word_1_149' title='bbox 902 1571 1016 1626; x_wconf 86' lang='lat' dir='ltr'>exhibet</span> <span class='ocrx_word' id='word_1_150' title='bbox 1034 1573 1116 1626; x_wconf 91' lang='lat' dir='ltr'>Conr.</span> <span class='ocrx_word' id='word_1_151' title='bbox 1137 1571 1174 1626; x_wconf 88' lang='lat' dir='ltr'>de</span> <span class='ocrx_word' id='word_1_152' title='bbox 1191 1572 1275 1626; x_wconf 89' lang='lat' dir='ltr'>Mure</span> <span class='ocrx_word' id='word_1_153' title='bbox 1293 1573 1412 1626; x_wconf 79' lang='lat' dir='ltr'>fortasse</span> <span class='ocrx_word' id='word_1_154' title='bbox 1431 1589 1467 1627; x_wconf 89' lang='lat' dir='ltr'>ex</span> 
     </span>
     <span class='ocr_line' id='line_1_17' title="bbox 315 1640 1468 1712; baseline 0 -16"><span class='ocrx_word' id='word_1_155' title='bbox 315 1652 370 1696; x_wconf 90' lang='lat' dir='ltr'>uet.</span> <span class='ocrx_word' id='word_1_156' title='bbox 384 1641 491 1710; x_wconf 92' lang='lat' dir='ltr'>codice,</span> <span class='ocrx_word' id='word_1_157' title='bbox 504 1641 569 1696; x_wconf 91' lang='lat' dir='ltr'>licet</span> <span class='ocrx_word' id='word_1_158' title='bbox 582 1659 617 1695; x_wconf 88' lang='lat' dir='ltr'>ex</span> <span class='ocrx_word' id='word_1_159' title='bbox 630 1641 726 1712; x_wconf 89' lang='lat' dir='ltr'>Steph.</span> <span class='ocrx_word' id='word_1_160' title='bbox 742 1643 806 1710; x_wconf 89' lang='lat' dir='ltr'><strong>Byz.</strong></span> <span class='ocrx_word' id='word_1_161' title='bbox 820 1658 843 1695; x_wconf 92' lang='lat' dir='ltr'>s.</span> <span class='ocrx_word' id='word_1_162' title='bbox 853 1658 880 1696; x_wconf 92' lang='lat' dir='ltr'><strong>u.</strong></span> <span class='ocrx_word' id='word_1_163' title='bbox 893 1650 931 1695; x_wconf 92' lang='grc' dir='ltr'>Δυ</span> <span class='ocrx_word' id='word_1_164' title='bbox 953 1644 1008 1696; x_wconf 64' lang='lat' dir='ltr'>*ets</span> <span class='ocrx_word' id='word_1_165' title='bbox 1021 1640 1206 1712; x_wconf 88' lang='lat' dir='ltr'>interpretari.</span> <span class='ocrx_word' id='word_1_166' title='bbox 1242 1642 1358 1712; x_wconf 77' lang='grc' dir='ltr'>Αἰγίμιος</span> <span class='ocrx_word' id='word_1_167' title='bbox 1374 1640 1405 1708; x_wconf 84' lang='grc' dir='ltr'>ἦν</span> <span class='ocrx_word' id='word_1_168' title='bbox 1416 1648 1468 1696; x_wconf 82' lang='grc' dir='ltr'>τῶν</span> 
     </span>
     <span class='ocr_line' id='line_1_18' title="bbox 313 1664 1467 1802; baseline 0 -36"><span class='ocrx_word' id='word_1_169' title='bbox 313 1713 373 1782; x_wconf 72' lang='grc' dir='ltr'>περὶ</span> <span class='ocrx_word' id='word_1_170' title='bbox 390 1713 435 1780; x_wconf 84' lang='grc' dir='ltr'>τήν</span> <span class='ocrx_word' id='word_1_171' title='bbox 448 1711 526 1780; x_wconf 83' lang='grc' dir='ltr'>Οἴτην</span> <span class='ocrx_word' id='word_1_172' title='bbox 539 1711 657 1780; x_wconf 76' lang='grc' dir='ltr'>Δωριέων</span> <span class='ocrx_word' id='word_1_173' title='bbox 671 1710 806 1776; x_wconf 81' lang='grc' dir='ltr'>βασιλεύς.</span> <span class='ocrx_word' id='word_1_174' title='bbox 843 1713 908 1780; x_wconf 77' lang='grc' dir='ltr'>ἔσχε</span> <span class='ocrx_word' id='word_1_175' title='bbox 924 1664 1013 1766; x_wconf 57' lang='lat' dir='ltr'>Mulio</span> <span class='ocrx_word' id='word_1_176' title='bbox 1029 1712 1123 1768; x_wconf 83' lang='grc' dir='ltr'>παῖδας</span> <span class='ocrx_word' id='word_1_177' title='bbox 1138 1713 1286 1802; x_wconf 61' lang='grc' dir='ltr'>Πάμφυλον</span> <span class='ocrx_word' id='word_1_178' title='bbox 1300 1714 1340 1767; x_wconf 80' lang='grc' dir='ltr'>καὶ</span> <span class='ocrx_word' id='word_1_179' title='bbox 1353 1715 1467 1781; x_wconf 81' lang='grc' dir='ltr'>Δυμῖινα,</span> 
     </span>
     <span class='ocr_line' id='line_1_19' title="bbox 314 1779 1468 1853; baseline 0.001 -18"><span class='ocrx_word' id='word_1_180' title='bbox 314 1787 356 1837; x_wconf 84' lang='grc' dir='ltr'>καὶ</span> <span class='ocrx_word' id='word_1_181' title='bbox 379 1785 424 1838; x_wconf 81' lang='grc' dir='ltr'>τὸν</span> <span class='ocrx_word' id='word_1_182' title='bbox 446 1787 493 1836; x_wconf 82' lang='grc' dir='ltr'>τοῦ</span> <span class='ocrx_word' id='word_1_183' title='bbox 512 1781 672 1853; x_wconf 75' lang='grc' dir='ltr'>Ἡρακλέους</span> <span class='ocrx_word' id='word_1_184' title='bbox 687 1779 788 1836; x_wconf 74' lang='grc' dir='ltr'>Ὕλλον</span> <span class='ocrx_word' id='word_1_185' title='bbox 811 1779 953 1848; x_wconf 85' lang='grc' dir='ltr'>ε’ποιήσατο</span> <span class='ocrx_word' id='word_1_186' title='bbox 976 1783 1072 1852; x_wconf 79' lang='grc' dir='ltr'>τρίτον,</span> <span class='ocrx_word' id='word_1_187' title='bbox 1096 1783 1173 1852; x_wconf 84' lang='grc' dir='ltr'>χάριν</span> <span class='ocrx_word' id='word_1_188' title='bbox 1196 1782 1334 1837; x_wconf 66' lang='lat' dir='ltr'>araleonis</span> <span class='ocrx_word' id='word_1_189' title='bbox 1357 1782 1411 1836; x_wconf 76' lang='grc' dir='ltr'>ἀνθ’</span> <span class='ocrx_word' id='word_1_190' title='bbox 1432 1785 1468 1837; x_wconf 78' lang='grc' dir='ltr'>ὧν</span> 
     </span>
     <span class='ocr_line' id='line_1_20' title="bbox 312 1851 1467 1976; baseline 0.004 -71"><span class='ocrx_word' id='word_1_191' title='bbox 312 1851 444 1923; x_wconf 76' lang='grc' dir='ltr'>Ἡρακλῆς</span> <span class='ocrx_word' id='word_1_192' title='bbox 467 1853 647 1907; x_wconf 84' lang='grc' dir='ltr'>ε’κπεπτωκύτα</span> <span class='ocrx_word' id='word_1_193' title='bbox 670 1852 819 1924; x_wconf 79' lang='grc' dir='ltr'>κατήγαγεν.</span> <span class='ocrx_word' id='word_1_194' title='bbox 864 1854 994 1923; x_wconf 79' lang='lat' dir='ltr'>Dymnus</span> <span class='ocrx_word' id='word_1_195' title='bbox 1015 1853 1031 1908; x_wconf 84' lang='grc' dir='ltr'>ἰ.</span> <span class='ocrx_word' id='word_1_196' title='bbox 1052 1869 1077 1976; x_wconf 53' lang='grc' dir='ltr'>ἓ.</span> <span class='ocrx_word' id='word_1_197' title='bbox 1103 1851 1271 1922; x_wconf 72' lang='lat' dir='ltr'>Dymanes,</span> <span class='ocrx_word' id='word_1_198' title='bbox 1284 1854 1310 1908; x_wconf 93' lang='lat' dir='ltr'><strong>h.</strong></span> <span class='ocrx_word' id='word_1_199' title='bbox 1327 1871 1351 1908; x_wconf 79' lang='lat' dir='ltr'>e.</span> <span class='ocrx_word' id='word_1_200' title='bbox 1377 1853 1467 1910; x_wconf 83' lang='lat' dir='ltr'>tribus</span> 
     </span>
     <span class='ocr_line' id='line_1_21' title="bbox 314 1922 1467 1993; baseline 0.001 -15"><span class='ocrx_word' id='word_1_201' title='bbox 314 1925 360 1978; x_wconf 92' lang='lat' dir='ltr'>uel</span> <span class='ocrx_word' id='word_1_202' title='bbox 373 1924 450 1979; x_wconf 91' lang='lat' dir='ltr'>natio</span> <span class='ocrx_word' id='word_1_203' title='bbox 463 1940 560 1978; x_wconf 89' lang='lat' dir='ltr'>eorum</span> <span class='ocrx_word' id='word_1_204' title='bbox 573 1922 620 1992; x_wconf 88' lang='lat' dir='ltr'>qui</span> <span class='ocrx_word' id='word_1_205' title='bbox 638 1941 656 1978; x_wconf 90' lang='lat' dir='ltr'>a</span> <span class='ocrx_word' id='word_1_206' title='bbox 669 1924 802 1992; x_wconf 89' lang='lat' dir='ltr'>Dymane</span> <span class='ocrx_word' id='word_1_207' title='bbox 819 1923 871 1978; x_wconf 89' lang='lat' dir='ltr'>orti</span> <span class='ocrx_word' id='word_1_208' title='bbox 889 1934 963 1978; x_wconf 90' lang='lat' dir='ltr'>sunt.</span> <span class='ocrx_word' id='word_1_209' title='bbox 1001 1923 1040 1978; x_wconf 92' lang='lat' dir='ltr'>Hi</span> <span class='ocrx_word' id='word_1_210' title='bbox 1074 1934 1196 1993; x_wconf 90' lang='lat' dir='ltr'>nguntur</span> <span class='ocrx_word' id='word_1_211' title='bbox 1208 1924 1313 1978; x_wconf 74' lang='lat' dir='ltr'>uidisse</span> <span class='ocrx_word' id='word_1_212' title='bbox 1325 1923 1377 1993; x_wconf 89' lang='lat' dir='ltr'>(sic</span> <span class='ocrx_word' id='word_1_213' title='bbox 1389 1924 1467 1979; x_wconf 89' lang='lat' dir='ltr'>enim</span> 
     </span>
     <span class='ocr_line' id='line_1_22' title="bbox 313 1994 1467 2064; baseline 0.003 -17"><span class='ocrx_word' id='word_1_214' title='bbox 313 1994 381 2063; x_wconf 87' lang='lat' dir='ltr'>legit</span> <span class='ocrx_word' id='word_1_215' title='bbox 400 1994 493 2063; x_wconf 90' lang='lat' dir='ltr'>Mure)</span> <span class='ocrx_word' id='word_1_216' title='bbox 508 1997 737 2049; x_wconf 72' lang='lat' dir='ltr'>Thiodamanta</span> <span class='ocrx_word' id='word_1_217' title='bbox 753 1997 789 2048; x_wconf 90' lang='lat' dir='ltr'>in</span> <span class='ocrx_word' id='word_1_218' title='bbox 807 2011 896 2050; x_wconf 61' lang='lat' dir='ltr'>mma</span> <span class='ocrx_word' id='word_1_219' title='bbox 910 2000 1077 2050; x_wconf 79' lang='lat' dir='ltr'>uocantem</span> <span class='ocrx_word' id='word_1_220' title='bbox 1095 2011 1171 2061; x_wconf 86' lang='lat' dir='ltr'>suos,</span> <span class='ocrx_word' id='word_1_221' title='bbox 1183 2004 1269 2064; x_wconf 88' lang='lat' dir='ltr'>atque</span> <span class='ocrx_word' id='word_1_222' title='bbox 1287 1994 1340 2064; x_wconf 91' lang='lat' dir='ltr'>ipsi</span> <span class='ocrx_word' id='word_1_223' title='bbox 1360 1995 1467 2050; x_wconf 89' lang='lat' dir='ltr'>bellum</span> 
     </span>
     <span class='ocr_line' id='line_1_23' title="bbox 312 2055 1466 2136; baseline 0.002 -18"><span class='ocrx_word' id='word_1_224' title='bbox 312 2081 365 2134; x_wconf 90' lang='lat' dir='ltr'>pro</span> <span class='ocrx_word' id='word_1_225' title='bbox 379 2065 503 2120; x_wconf 87' lang='lat' dir='ltr'>Hercule</span> <span class='ocrx_word' id='word_1_226' title='bbox 515 2064 621 2119; x_wconf 90' lang='lat' dir='ltr'>cientes</span> <span class='ocrx_word' id='word_1_227' title='bbox 638 2068 751 2120; x_wconf 83' lang='lat' dir='ltr'>domiti</span> <span class='ocrx_word' id='word_1_228' title='bbox 765 2064 869 2120; x_wconf 81' lang='lat' dir='ltr'>fuisse:</span> <span class='ocrx_word' id='word_1_229' title='bbox 889 2081 982 2134; x_wconf 90' lang='lat' dir='ltr'>neque</span> <span class='ocrx_word' id='word_1_230' title='bbox 1001 2055 1030 2119; x_wconf 90' lang='lat' dir='ltr'>id</span> <span class='ocrx_word' id='word_1_231' title='bbox 1049 2081 1117 2120; x_wconf 87' lang='lat' dir='ltr'>sane</span> <span class='ocrx_word' id='word_1_232' title='bbox 1136 2065 1268 2120; x_wconf 87' lang='lat' dir='ltr'>abhorret</span> <span class='ocrx_word' id='word_1_233' title='bbox 1285 2066 1322 2120; x_wconf 92' lang='lat' dir='ltr'>ab</span> <span class='ocrx_word' id='word_1_234' title='bbox 1340 2065 1375 2118; x_wconf 92' lang='lat' dir='ltr'>iis</span> <span class='ocrx_word' id='word_1_235' title='bbox 1392 2083 1466 2136; x_wconf 90' lang='lat' dir='ltr'>quae</span> 
     </span>
     <span class='ocr_line' id='line_1_24' title="bbox 313 2135 1467 2205; baseline 0.001 -15"><span class='ocrx_word' id='word_1_236' title='bbox 313 2152 331 2190; x_wconf 85' lang='lat' dir='ltr'>a</span> <span class='ocrx_word' id='word_1_237' title='bbox 348 2135 442 2191; x_wconf 92' lang='lat' dir='ltr'>Schol.</span> <span class='ocrx_word' id='word_1_238' title='bbox 454 2135 597 2205; x_wconf 88' lang='lat' dir='ltr'>Apollonii</span> <span class='ocrx_word' id='word_1_239' title='bbox 614 2136 770 2190; x_wconf 89' lang='lat' dir='ltr'>traduntur.</span> <span class='ocrx_word' id='word_1_240' title='bbox 924 2139 996 2192; x_wconf 77' lang='lat'><strong>480.</strong></span> <span class='ocrx_word' id='word_1_241' title='bbox 1020 2138 1115 2190; x_wconf 80' lang='lat' dir='ltr'>ferus.</span> <span class='ocrx_word' id='word_1_242' title='bbox 1159 2137 1230 2190; x_wconf 92' lang='lat' dir='ltr'>Aen.</span> <span class='ocrx_word' id='word_1_243' title='bbox 1243 2135 1299 2190; x_wconf 91' lang='lat' dir='ltr'>viii.</span> <span class='ocrx_word' id='word_1_244' title='bbox 1316 2151 1365 2205; x_wconf 90' lang='lat'>194</span> <span class='ocrx_word' id='word_1_245' title='bbox 1382 2139 1467 2191; x_wconf 87' lang='lat' dir='ltr'>semi·</span> 
     </span>
     <span class='ocr_line' id='line_1_25' title="bbox 312 2205 1466 2277; baseline 0.003 -17"><span class='ocrx_word' id='word_1_246' title='bbox 312 2205 436 2260; x_wconf 78' lang='lat' dir='ltr'>bominis</span> <span class='ocrx_word' id='word_1_247' title='bbox 463 2207 537 2274; x_wconf 80' lang='lat' dir='ltr'>Caci,</span> <span class='ocrx_word' id='word_1_248' title='bbox 561 2207 612 2272; x_wconf 88' lang='lat'>267</span> <span class='ocrx_word' id='word_1_249' title='bbox 638 2206 769 2277; x_wconf 67' lang='lat' dir='ltr'>semiferi.</span> <span class='ocrx_word' id='word_1_250' title='bbox 815 2205 936 2261; x_wconf 89' lang='lat' dir='ltr'>Ouidius</span> <span class='ocrx_word' id='word_1_251' title='bbox 965 2212 1122 2260; x_wconf 81' lang='lat' dir='ltr'>monstrum</span> <span class='ocrx_word' id='word_1_252' title='bbox 1151 2207 1275 2275; x_wconf 88' lang='lat' dir='ltr'>appellat</span> <span class='ocrx_word' id='word_1_253' title='bbox 1300 2208 1332 2262; x_wconf 90' lang='lat' dir='ltr'>F.</span> <span class='ocrx_word' id='word_1_254' title='bbox 1361 2206 1378 2261; x_wconf 96' lang='lat' dir='ltr'>i.</span> <span class='ocrx_word' id='word_1_255' title='bbox 1406 2219 1466 2276; x_wconf 91' lang='lat'><strong>554.</strong></span> 
     </span>
     <span class='ocr_line' id='line_1_26' title="bbox 312 2276 1465 2348; baseline -0.001 -17"><span class='ocrx_word' id='word_1_256' title='bbox 312 2283 468 2333; x_wconf 81' lang='lat' dir='ltr'>mactatus</span> <span class='ocrx_word' id='word_1_257' title='bbox 490 2278 571 2331; x_wconf 88' lang='lat' dir='ltr'>claua</span> <span class='ocrx_word' id='word_1_258' title='bbox 593 2279 624 2332; x_wconf 85' lang='lat' dir='ltr'>F.</span> <span class='ocrx_word' id='word_1_259' title='bbox 647 2277 665 2333; x_wconf 93' lang='lat' dir='ltr'>i.</span> <span class='ocrx_word' id='word_1_260' title='bbox 689 2289 747 2346; x_wconf 90' lang='lat'>575,</span> <span class='ocrx_word' id='word_1_261' title='bbox 770 2279 853 2347; x_wconf 93' lang='lat' dir='ltr'>Prop.</span> <span class='ocrx_word' id='word_1_262' title='bbox 873 2276 908 2332; x_wconf 87' lang='lat' dir='ltr'>iv.</span> <span class='ocrx_word' id='word_1_263' title='bbox 930 2292 955 2346; x_wconf 91' lang='lat'>9.</span> <span class='ocrx_word' id='word_1_264' title='bbox 978 2289 1017 2346; x_wconf 90' lang='lat'>15,</span> <span class='ocrx_word' id='word_1_265' title='bbox 1040 2290 1079 2343; x_wconf 90' lang='lat'>17.</span> <span class='ocrx_word' id='word_1_266' title='bbox 1125 2283 1217 2332; x_wconf 69' lang='lat' dir='ltr'>anno</span> <span class='ocrx_word' id='word_1_267' title='bbox 1236 2277 1308 2332; x_wconf 89' lang='lat' dir='ltr'>Aen.</span> <span class='ocrx_word' id='word_1_268' title='bbox 1327 2276 1384 2333; x_wconf 90' lang='lat' dir='ltr'>viii.</span> <span class='ocrx_word' id='word_1_269' title='bbox 1404 2291 1465 2348; x_wconf 88' lang='lat'>217,</span> 
     </span>
     <span class='ocr_line' id='line_1_27' title="bbox 313 2347 1464 2418; baseline 0.002 -16"><span class='ocrx_word' id='word_1_270' title='bbox 313 2349 397 2418; x_wconf 88' lang='lat' dir='ltr'>Prop.</span> <span class='ocrx_word' id='word_1_271' title='bbox 407 2348 442 2403; x_wconf 89' lang='lat' dir='ltr'>iv.</span> <span class='ocrx_word' id='word_1_272' title='bbox 453 2363 479 2417; x_wconf 90' lang='lat'>9.</span> <span class='ocrx_word' id='word_1_273' title='bbox 488 2363 513 2417; x_wconf 91' lang='lat'><strong>9.</strong></span> <span class='ocrx_word' id='word_1_274' title='bbox 545 2349 716 2417; x_wconf 89' lang='lat' dir='ltr'>Speluncam</span> <span class='ocrx_word' id='word_1_275' title='bbox 728 2347 825 2403; x_wconf 90' lang='lat' dir='ltr'>dicunt</span> <span class='ocrx_word' id='word_1_276' title='bbox 835 2347 974 2416; x_wconf 85' lang='lat' dir='ltr'>Vergilius</span> <span class='ocrx_word' id='word_1_277' title='bbox 983 2349 1054 2403; x_wconf 89' lang='lat' dir='ltr'>Aen.</span> <span class='ocrx_word' id='word_1_278' title='bbox 1064 2347 1120 2401; x_wconf 90' lang='lat' dir='ltr'>viii.</span> <span class='ocrx_word' id='word_1_279' title='bbox 1132 2362 1189 2416; x_wconf 84' lang='lat'>192,</span> <span class='ocrx_word' id='word_1_280' title='bbox 1203 2347 1323 2402; x_wconf 89' lang='lat' dir='ltr'>Ouidius</span> <span class='ocrx_word' id='word_1_281' title='bbox 1334 2349 1365 2402; x_wconf 87' lang='lat' dir='ltr'>F.</span> <span class='ocrx_word' id='word_1_282' title='bbox 1376 2347 1393 2403; x_wconf 95' lang='lat' dir='ltr'>i.</span> <span class='ocrx_word' id='word_1_283' title='bbox 1406 2360 1464 2417; x_wconf 91' lang='lat'><strong>555.</strong></span> 
     </span>
     <span class='ocr_line' id='line_1_28' title="bbox 312 2418 1465 2488; baseline 0.002 -16"><span class='ocrx_word' id='word_1_284' title='bbox 312 2422 385 2474; x_wconf 82' lang='lat'><strong>400.</strong></span> <span class='ocrx_word' id='word_1_285' title='bbox 402 2422 543 2474; x_wconf 79' lang='lat' dir='ltr'>inclusae</span> <span class='ocrx_word' id='word_1_286' title='bbox 567 2420 638 2473; x_wconf 89' lang='lat' dir='ltr'>Aen.</span> <span class='ocrx_word' id='word_1_287' title='bbox 660 2418 716 2472; x_wconf 90' lang='lat' dir='ltr'>viii.</span> <span class='ocrx_word' id='word_1_288' title='bbox 739 2432 791 2485; x_wconf 87' lang='lat'>217</span> <span class='ocrx_word' id='word_1_289' title='bbox 812 2419 949 2473; x_wconf 80' lang='lat' dir='ltr'>Reddidit</span> <span class='ocrx_word' id='word_1_290' title='bbox 970 2435 1035 2474; x_wconf 90' lang='lat' dir='ltr'>una</span> <span class='ocrx_word' id='word_1_291' title='bbox 1058 2419 1156 2472; x_wconf 90' lang='lat' dir='ltr'>boum</span> <span class='ocrx_word' id='word_1_292' title='bbox 1181 2435 1274 2472; x_wconf 86' lang='lat' dir='ltr'>uocem</span> <span class='ocrx_word' id='word_1_293' title='bbox 1297 2428 1465 2488; x_wconf 87' lang='lat' dir='ltr'>uastoque</span> 
     </span>
     <span class='ocr_line' id='line_1_29' title="bbox 311 2489 1466 2562; baseline -0.001 -17"><span class='ocrx_word' id='word_1_294' title='bbox 311 2491 373 2546; x_wconf 94' lang='lat' dir='ltr'>sub</span> <span class='ocrx_word' id='word_1_295' title='bbox 392 2499 488 2545; x_wconf 89' lang='lat' dir='ltr'>antro</span> <span class='ocrx_word' id='word_1_296' title='bbox 506 2491 622 2561; x_wconf 83' lang='lat' dir='ltr'>Mugiit</span> <span class='ocrx_word' id='word_1_297' title='bbox 633 2495 661 2543; x_wconf 92' lang='lat' dir='ltr'>et</span> <span class='ocrx_word' id='word_1_298' title='bbox 674 2490 742 2544; x_wconf 83' lang='lat' dir='ltr'>Caci</span> <span class='ocrx_word' id='word_1_299' title='bbox 757 2493 833 2559; x_wconf 74' lang='lat' dir='ltr'>spem</span> <span class='ocrx_word' id='word_1_300' title='bbox 845 2490 983 2543; x_wconf 75' lang='lat' dir='ltr'>custodela</span> <span class='ocrx_word' id='word_1_301' title='bbox 992 2489 1108 2559; x_wconf 78' lang='lat' dir='ltr'>fefellit.</span> <span class='ocrx_word' id='word_1_302' title='bbox 1159 2492 1199 2543; x_wconf 85' lang='lat' dir='ltr'>ab</span> <span class='ocrx_word' id='word_1_303' title='bbox 1216 2505 1271 2562; x_wconf 83' lang='lat' dir='ltr'>ore</span> <span class='ocrx_word' id='word_1_304' title='bbox 1289 2499 1320 2543; x_wconf 92' lang='lat' dir='ltr'>ut</span> <span class='ocrx_word' id='word_1_305' title='bbox 1339 2491 1466 2544; x_wconf 85' lang='lat' dir='ltr'>m&#39;elatus</span> 
     </span>
     <span class='ocr_line' id='line_1_30' title="bbox 311 2557 1465 2630; baseline -0.001 -15"><span class='ocrx_word' id='word_1_306' title='bbox 311 2562 347 2615; x_wconf 86' lang='lat' dir='ltr'>ab</span> <span class='ocrx_word' id='word_1_307' title='bbox 358 2578 427 2616; x_wconf 89' lang='lat' dir='ltr'>arcu</span> <span class='ocrx_word' id='word_1_308' title='bbox 442 2563 522 2615; x_wconf 89' lang='lat' dir='ltr'>Pont.</span> <span class='ocrx_word' id='word_1_309' title='bbox 531 2559 568 2614; x_wconf 91' lang='lat' dir='ltr'>iii.</span> <span class='ocrx_word' id='word_1_310' title='bbox 582 2572 604 2628; x_wconf 93' lang='lat'>5.</span> <span class='ocrx_word' id='word_1_311' title='bbox 614 2572 658 2628; x_wconf 87' lang='grc'>45,</span> <span class='ocrx_word' id='word_1_312' title='bbox 668 2561 780 2614; x_wconf 83' lang='lat' dir='ltr'>tabulae</span> <span class='ocrx_word' id='word_1_313' title='bbox 782 2561 940 2630; x_wconf 78' lang='lat' dir='ltr'>sen&#39;untur</span> <span class='ocrx_word' id='word_1_314' title='bbox 950 2560 985 2613; x_wconf 88' lang='lat' dir='ltr'>ab</span> <span class='ocrx_word' id='word_1_315' title='bbox 997 2560 1082 2614; x_wconf 87' lang='lat' dir='ltr'>undis</span> <span class='ocrx_word' id='word_1_316' title='bbox 1094 2557 1179 2614; x_wconf 88' lang='lat' dir='ltr'>Trist.</span> <span class='ocrx_word' id='word_1_317' title='bbox 1193 2558 1209 2614; x_wconf 94' lang='lat' dir='ltr'>i.</span> <span class='ocrx_word' id='word_1_318' title='bbox 1224 2574 1247 2613; x_wconf 91' lang='lat'>2.</span> <span class='ocrx_word' id='word_1_319' title='bbox 1261 2572 1295 2625; x_wconf 93' lang='lat'>47</span> <span class='ocrx_word' id='word_1_320' title='bbox 1309 2570 1337 2614; x_wconf 93' lang='lat' dir='ltr'>et</span> <span class='ocrx_word' id='word_1_321' title='bbox 1346 2559 1465 2630; x_wconf 90' lang='lat' dir='ltr'>saepius</span> 
     </span>
     <span class='ocr_line' id='line_1_31' title="bbox 311 2629 1465 2702; baseline -0.001 -15"><span class='ocrx_word' id='word_1_322' title='bbox 311 2649 355 2702; x_wconf 86' lang='lat' dir='ltr'>ap.</span> <span class='ocrx_word' id='word_1_323' title='bbox 368 2631 503 2687; x_wconf 90' lang='lat' dir='ltr'>Ouidium</span> <span class='ocrx_word' id='word_1_324' title='bbox 517 2630 669 2699; x_wconf 71' lang='lat' dir='ltr'>(Drigeri.</span> <span class='ocrx_word' id='word_1_325' title='bbox 683 2647 709 2702; x_wconf 88' lang='lat' dir='ltr'>p.</span> <span class='ocrx_word' id='word_1_326' title='bbox 725 2629 796 2699; x_wconf 88' lang='lat'><strong>508).</strong></span> <span class='ocrx_word' id='word_1_327' title='bbox 850 2632 916 2687; x_wconf 81' lang='lat'><strong>491.</strong></span> <span class='ocrx_word' id='word_1_328' title='bbox 934 2633 990 2696; x_wconf 75' lang='lat' dir='ltr'>qul</span> <span class='ocrx_word' id='word_1_329' title='bbox 1004 2630 1115 2685; x_wconf 88' lang='lat' dir='ltr'>Lichas.</span> <span class='ocrx_word' id='word_1_330' title='bbox 1163 2632 1247 2684; x_wconf 84' lang='lat' dir='ltr'>done.</span> <span class='ocrx_word' id='word_1_331' title='bbox 1260 2629 1414 2686; x_wconf 87' lang='lat' dir='ltr'>Deianirae</span> <span class='ocrx_word' id='word_1_332' title='bbox 1426 2631 1465 2686; x_wconf 88' lang='lat' dir='ltr'>ad</span> 
     </span>
     <span class='ocr_line' id='line_1_32' title="bbox 312 2699 1464 2771; baseline -0.003 -13"><span class='ocrx_word' id='word_1_333' title='bbox 312 2704 475 2758; x_wconf 88' lang='lat' dir='ltr'>Herculem.</span> <span class='ocrx_word' id='word_1_334' title='bbox 511 2705 641 2756; x_wconf 82' lang='lat' dir='ltr'>Nesseo.</span> <span class='ocrx_word' id='word_1_335' title='bbox 664 2703 739 2770; x_wconf 90' lang='lat' dir='ltr'><strong>Hyg.</strong></span> <span class='ocrx_word' id='word_1_336' title='bbox 748 2701 783 2769; x_wconf 84' lang='lat'>36</span> <span class='ocrx_word' id='word_1_337' title='bbox 792 2700 1029 2756; x_wconf 87' lang='lat' dir='ltr'>memorNessei</span> <span class='ocrx_word' id='word_1_338' title='bbox 1037 2702 1184 2771; x_wconf 75' lang='lat' dir='ltr'>praecepti</span> <span class='ocrx_word' id='word_1_339' title='bbox 1192 2699 1351 2769; x_wconf 88' lang='lat' dir='ltr'>(Deianira)</span> <span class='ocrx_word' id='word_1_340' title='bbox 1361 2707 1464 2755; x_wconf 87' lang='lat' dir='ltr'>uestem</span> 
     </span>
     <span class='ocr_line' id='line_1_33' title="bbox 310 2770 1464 2852; baseline -0.002 -24"><span class='ocrx_word' id='word_1_341' title='bbox 310 2773 452 2828; x_wconf 87' lang='lat' dir='ltr'>tinctam</span> <span class='ocrx_word' id='word_1_342' title='bbox 467 2774 605 2828; x_wconf 74' lang='lat' dir='ltr'>Centauri</span> <span class='ocrx_word' id='word_1_343' title='bbox 613 2773 753 2842; x_wconf 81' lang='lat' dir='ltr'>sanguine</span> <span class='ocrx_word' id='word_1_344' title='bbox 764 2773 888 2826; x_wconf 83' lang='lat' dir='ltr'>Herculi</span> <span class='ocrx_word' id='word_1_345' title='bbox 898 2772 1054 2842; x_wconf 80' lang='lat' dir='ltr'>quiserret,</span> <span class='ocrx_word' id='word_1_346' title='bbox 1067 2774 1179 2825; x_wconf 80' lang='lat' dir='ltr'>nomene</span> <span class='ocrx_word' id='word_1_347' title='bbox 1190 2770 1309 2825; x_wconf 84' lang='lat' dir='ltr'>Licleam</span> <span class='ocrx_word' id='word_1_348' title='bbox 1312 2773 1464 2852; x_wconf 78' lang='lat' dir='ltr'>famulum</span> 
     </span>
     <span class='ocr_line' id='line_1_34' title="bbox 310 2841 1463 2912; baseline -0.003 -13"><span class='ocrx_word' id='word_1_349' title='bbox 310 2847 398 2899; x_wconf 84' lang='lat' dir='ltr'>misit.</span> <span class='ocrx_word' id='word_1_350' title='bbox 433 2860 562 2899; x_wconf 87' lang='lat' dir='ltr'>ueneno.</span> <span class='ocrx_word' id='word_1_351' title='bbox 589 2842 716 2897; x_wconf 88' lang='lat' dir='ltr'>Moriens</span> <span class='ocrx_word' id='word_1_352' title='bbox 726 2844 835 2896; x_wconf 91' lang='lat' dir='ltr'>Nessus</span> <span class='ocrx_word' id='word_1_353' title='bbox 845 2842 1011 2898; x_wconf 89' lang='lat' dir='ltr'>Deianiram</span> <span class='ocrx_word' id='word_1_354' title='bbox 1023 2841 1143 2896; x_wconf 87' lang='lat' dir='ltr'>iusserat</span> <span class='ocrx_word' id='word_1_355' title='bbox 1153 2858 1251 2896; x_wconf 89' lang='lat' dir='ltr'>semen</span> <span class='ocrx_word' id='word_1_356' title='bbox 1261 2842 1297 2896; x_wconf 87' lang='lat' dir='ltr'>ab</span> <span class='ocrx_word' id='word_1_357' title='bbox 1311 2859 1373 2912; x_wconf 83' lang='lat' dir='ltr'>ipso</span> <span class='ocrx_word' id='word_1_358' title='bbox 1383 2842 1463 2896; x_wconf 92' lang='lat' dir='ltr'>humi</span> 
     </span>
     <span class='ocr_line' id='line_1_35' title="bbox 310 2911 1463 2985; baseline -0.002 -16"><span class='ocrx_word' id='word_1_359' title='bbox 310 2917 465 2985; x_wconf 81' lang='lat' dir='ltr'>profusum,</span> <span class='ocrx_word' id='word_1_360' title='bbox 478 2932 543 2969; x_wconf 87' lang='lat' dir='ltr'>curn</span> <span class='ocrx_word' id='word_1_361' title='bbox 561 2930 625 2968; x_wconf 91' lang='lat' dir='ltr'>eam</span> <span class='ocrx_word' id='word_1_362' title='bbox 644 2913 701 2967; x_wconf 90' lang='lat' dir='ltr'>iam</span> <span class='ocrx_word' id='word_1_363' title='bbox 718 2912 775 2967; x_wconf 92' lang='lat' dir='ltr'>iam</span> <span class='ocrx_word' id='word_1_364' title='bbox 789 2913 942 2967; x_wconf 88' lang='lat' dir='ltr'>uiolaturus</span> <span class='ocrx_word' id='word_1_365' title='bbox 959 2923 1043 2981; x_wconf 88' lang='lat' dir='ltr'>esset,</span> <span class='ocrx_word' id='word_1_366' title='bbox 1055 2911 1193 2982; x_wconf 86' lang='lat' dir='ltr'>sanguine</span> <span class='ocrx_word' id='word_1_367' title='bbox 1206 2911 1329 2967; x_wconf 89' lang='lat' dir='ltr'>uulneris</span> <span class='ocrx_word' id='word_1_368' title='bbox 1343 2912 1463 2968; x_wconf 89' lang='lat' dir='ltr'>miscere</span> 
     </span>
     <span class='ocr_line' id='line_1_36' title="bbox 310 2977 1464 3056; baseline -0.002 -17"><span class='ocrx_word' id='word_1_369' title='bbox 310 3002 368 3056; x_wconf 91' lang='lat' dir='ltr'>quo</span> <span class='ocrx_word' id='word_1_370' title='bbox 385 2987 422 3040; x_wconf 88' lang='lat' dir='ltr'>ab</span> <span class='ocrx_word' id='word_1_371' title='bbox 443 2985 566 3040; x_wconf 88' lang='lat' dir='ltr'>Hercule</span> <span class='ocrx_word' id='word_1_372' title='bbox 584 2983 701 3039; x_wconf 83' lang='lat' dir='ltr'>affectus</span> <span class='ocrx_word' id='word_1_373' title='bbox 720 2993 803 3039; x_wconf 93' lang='lat' dir='ltr'>esset.</span> <span class='ocrx_word' id='word_1_374' title='bbox 840 2984 970 3054; x_wconf 90' lang='lat' dir='ltr'>Apollod.</span> <span class='ocrx_word' id='word_1_375' title='bbox 992 2981 1018 3038; x_wconf 94' lang='lat' dir='ltr'>ii.</span> <span class='ocrx_word' id='word_1_376' title='bbox 1040 2996 1065 3049; x_wconf 91' lang='lat'><strong>7.</strong></span> <span class='ocrx_word' id='word_1_377' title='bbox 1083 2983 1101 3038; x_wconf 89' lang='lat'><strong>6</strong></span> <span class='ocrx_word' id='word_1_378' title='bbox 1119 2977 1197 3038; x_wconf 83' lang='grc' dir='ltr'>Εἶπεν</span> <span class='ocrx_word' id='word_1_379' title='bbox 1215 2983 1237 3035; x_wconf 80' lang='grc' dir='ltr'>εἰ</span> <span class='ocrx_word' id='word_1_380' title='bbox 1258 2982 1332 3037; x_wconf 83' lang='grc' dir='ltr'>θελοι</span> <span class='ocrx_word' id='word_1_381' title='bbox 1349 2983 1464 3053; x_wconf 83' lang='grc' dir='ltr'>φίλτρον</span> 
     </span>
     <span class='ocr_line' id='line_1_37' title="bbox 309 3051 1463 3126; baseline -0.002 -16"><span class='ocrx_word' id='word_1_382' title='bbox 309 3058 376 3125; x_wconf 85' lang='grc' dir='ltr'>πρὸς</span> <span class='ocrx_word' id='word_1_383' title='bbox 387 3053 519 3126; x_wconf 78' lang='grc' dir='ltr'>Ἡρακλέα</span> <span class='ocrx_word' id='word_1_384' title='bbox 537 3056 614 3124; x_wconf 76' lang='grc' dir='ltr'>ἔχειν,</span> <span class='ocrx_word' id='word_1_385' title='bbox 627 3058 673 3108; x_wconf 86' lang='grc' dir='ltr'>τόν</span> <span class='ocrx_word' id='word_1_386' title='bbox 690 3076 718 3108; x_wconf 89' lang='grc' dir='ltr'>τε</span> <span class='ocrx_word' id='word_1_387' title='bbox 736 3057 814 3124; x_wconf 87' lang='grc' dir='ltr'>γόνον</span> <span class='ocrx_word' id='word_1_388' title='bbox 832 3052 862 3108; x_wconf 80' lang='grc' dir='ltr'>ὃν</span> <span class='ocrx_word' id='word_1_389' title='bbox 879 3054 963 3124; x_wconf 76' lang='grc' dir='ltr'>ἀφῆκε</span> <span class='ocrx_word' id='word_1_390' title='bbox 978 3055 1040 3107; x_wconf 77' lang='grc' dir='ltr'>κατὰ</span> <span class='ocrx_word' id='word_1_391' title='bbox 1058 3055 1103 3120; x_wconf 78' lang='grc' dir='ltr'>τῆς</span> <span class='ocrx_word' id='word_1_392' title='bbox 1118 3055 1166 3121; x_wconf 87' lang='grc' dir='ltr'>γής</span> <span class='ocrx_word' id='word_1_393' title='bbox 1184 3053 1225 3106; x_wconf 82' lang='grc' dir='ltr'>καὶ</span> <span class='ocrx_word' id='word_1_394' title='bbox 1242 3054 1272 3107; x_wconf 83' lang='grc' dir='ltr'>τὸ</span> <span class='ocrx_word' id='word_1_395' title='bbox 1290 3051 1351 3122; x_wconf 79' lang='grc' dir='ltr'>ῥυέν</span> <span class='ocrx_word' id='word_1_396' title='bbox 1367 3053 1397 3106; x_wconf 83' lang='grc' dir='ltr'>έκ</span> <span class='ocrx_word' id='word_1_397' title='bbox 1415 3058 1463 3108; x_wconf 83' lang='grc' dir='ltr'>τοῦ</span> 
     </span>
     <span class='ocr_line' id='line_1_38' title="bbox 309 3121 1462 3196; baseline 0 -16"><span class='ocrx_word' id='word_1_398' title='bbox 309 3125 454 3196; x_wconf 75' lang='grc' dir='ltr'>τραύματος</span> <span class='ocrx_word' id='word_1_399' title='bbox 465 3121 527 3192; x_wconf 84' lang='grc' dir='ltr'>αἶμα</span> <span class='ocrx_word' id='word_1_400' title='bbox 540 3127 675 3194; x_wconf 80' lang='grc' dir='ltr'>συμμῖξαι.</span> <span class='ocrx_word' id='word_1_401' title='bbox 713 3126 755 3180; x_wconf 84' lang='lat' dir='ltr'><strong>Cf.</strong></span> <span class='ocrx_word' id='word_1_402' title='bbox 767 3123 852 3179; x_wconf 81' lang='lat' dir='ltr'>Diod.</span> <span class='ocrx_word' id='word_1_403' title='bbox 864 3124 898 3180; x_wconf 82' lang='lat' dir='ltr'>iv.</span> <span class='ocrx_word' id='word_1_404' title='bbox 908 3125 950 3194; x_wconf 84' lang='lat'>36,</span> <span class='ocrx_word' id='word_1_405' title='bbox 964 3124 1051 3194; x_wconf 89' lang='lat' dir='ltr'>Soph.</span> <span class='ocrx_word' id='word_1_406' title='bbox 1066 3124 1167 3178; x_wconf 82' lang='lat' dir='ltr'>Trach.</span> <span class='ocrx_word' id='word_1_407' title='bbox 1178 3131 1311 3193; x_wconf 86' lang='lat'>714·717,</span> <span class='ocrx_word' id='word_1_408' title='bbox 1321 3125 1462 3192; x_wconf 78' lang='lat'>831-833:</span> 
     </span>
     <span class='ocr_line' id='line_1_39' title="bbox 309 3194 1462 3265; baseline -0.001 -13"><span class='ocrx_word' id='word_1_409' title='bbox 309 3207 338 3252; x_wconf 92' lang='lat' dir='ltr'>et</span> <span class='ocrx_word' id='word_1_410' title='bbox 351 3197 417 3251; x_wconf 91' lang='lat' dir='ltr'>uide</span> <span class='ocrx_word' id='word_1_411' title='bbox 430 3196 606 3250; x_wconf 90' lang='lat' dir='ltr'>Wunderum</span> <span class='ocrx_word' id='word_1_412' title='bbox 618 3195 656 3250; x_wconf 88' lang='lat' dir='ltr'>ad</span> <span class='ocrx_word' id='word_1_413' title='bbox 668 3196 769 3250; x_wconf 89' lang='lat' dir='ltr'>Trach.</span> <span class='ocrx_word' id='word_1_414' title='bbox 784 3212 810 3265; x_wconf 91' lang='lat' dir='ltr'>p.</span> <span class='ocrx_word' id='word_1_415' title='bbox 824 3209 867 3262; x_wconf 89' lang='lat'><strong>40.</strong></span> <span class='ocrx_word' id='word_1_416' title='bbox 947 3198 1019 3250; x_wconf 81' lang='lat'><strong>492.</strong></span> <span class='ocrx_word' id='word_1_417' title='bbox 1031 3199 1157 3249; x_wconf 86' lang='lat' dir='ltr'>nomine</span> <span class='ocrx_word' id='word_1_418' title='bbox 1169 3197 1244 3250; x_wconf 79' lang='lat' dir='ltr'>feeit</span> <span class='ocrx_word' id='word_1_419' title='bbox 1256 3211 1291 3249; x_wconf 88' lang='lat' dir='ltr'>ex</span> <span class='ocrx_word' id='word_1_420' title='bbox 1304 3196 1331 3249; x_wconf 90' lang='lat' dir='ltr'>G</span> <span class='ocrx_word' id='word_1_421' title='bbox 1342 3194 1462 3252; x_wconf 92' lang='lat' dir='ltr'>restitui.</span> 
     </span>
     <span class='ocr_line' id='line_1_40' title="bbox 309 3264 1462 3337; baseline 0 -17"><span class='ocrx_word' id='word_1_422' title='bbox 309 3266 459 3321; x_wconf 88' lang='lat' dir='ltr'>Ablatiuus</span> <span class='ocrx_word' id='word_1_423' title='bbox 477 3266 589 3321; x_wconf 89' lang='lat' dir='ltr'>uidetur</span> <span class='ocrx_word' id='word_1_424' title='bbox 607 3283 670 3322; x_wconf 87' lang='lat' dir='ltr'>esse</span> <span class='ocrx_word' id='word_1_425' title='bbox 688 3266 712 3321; x_wconf 92' lang='lat' dir='ltr'>is</span> <span class='ocrx_word' id='word_1_426' title='bbox 731 3266 779 3337; x_wconf 92' lang='lat' dir='ltr'>qui</span> <span class='ocrx_word' id='word_1_427' title='bbox 797 3266 827 3320; x_wconf 87' lang='lat' dir='ltr'>in</span> <span class='ocrx_word' id='word_1_428' title='bbox 841 3268 872 3321; x_wconf 85' lang='lat' dir='ltr'>F.</span> <span class='ocrx_word' id='word_1_429' title='bbox 892 3265 929 3320; x_wconf 92' lang='lat' dir='ltr'>iii.</span> <span class='ocrx_word' id='word_1_430' title='bbox 949 3267 984 3320; x_wconf 89' lang='lat'>88</span> <span class='ocrx_word' id='word_1_431' title='bbox 1002 3267 1113 3320; x_wconf 81' lang='lat' dir='ltr'>Mensis</span> <span class='ocrx_word' id='word_1_432' title='bbox 1131 3264 1226 3320; x_wconf 75' lang='lat' dir='ltr'>iniis</span> <span class='ocrx_word' id='word_1_433' title='bbox 1245 3267 1331 3319; x_wconf 85' lang='lat' dir='ltr'>etiam</span> <span class='ocrx_word' id='word_1_434' title='bbox 1349 3267 1462 3320; x_wconf 78' lang='lat' dir='ltr'>nemim</span> 
     </span>
     <span class='ocr_line' id='line_1_41' title="bbox 308 3334 1461 3408; baseline -0.001 -17"><span class='ocrx_word' id='word_1_435' title='bbox 308 3339 419 3392; x_wconf 87' lang='lat' dir='ltr'>Martis</span> <span class='ocrx_word' id='word_1_436' title='bbox 430 3339 492 3406; x_wconf 89' lang='lat' dir='ltr'>erit,</span> <span class='ocrx_word' id='word_1_437' title='bbox 501 3336 528 3392; x_wconf 85' lang='lat' dir='ltr'>ii.</span> <span class='ocrx_word' id='word_1_438' title='bbox 539 3337 592 3405; x_wconf 88' lang='lat'>436</span> <span class='ocrx_word' id='word_1_439' title='bbox 600 3338 721 3391; x_wconf 87' lang='lat' dir='ltr'>Iunonis</span> <span class='ocrx_word' id='word_1_440' title='bbox 732 3352 852 3408; x_wconf 83' lang='lat' dir='ltr'>magnae</span> <span class='ocrx_word' id='word_1_441' title='bbox 864 3339 976 3390; x_wconf 89' lang='lat' dir='ltr'>nemine</span> <span class='ocrx_word' id='word_1_442' title='bbox 987 3337 1068 3390; x_wconf 87' lang='lat' dir='ltr'>lucus</span> <span class='ocrx_word' id='word_1_443' title='bbox 1079 3341 1149 3390; x_wconf 87' lang='lat' dir='ltr'>erat.</span> <span class='ocrx_word' id='word_1_444' title='bbox 1179 3335 1347 3404; x_wconf 86' lang='lat' dir='ltr'>Intelligitur</span> <span class='ocrx_word' id='word_1_445' title='bbox 1358 3334 1461 3390; x_wconf 88' lang='lat' dir='ltr'>Lichas</span> 
     </span>
     <span class='ocr_line' id='line_1_42' title="bbox 308 3404 1460 3478; baseline -0.001 -15"><span class='ocrx_word' id='word_1_446' title='bbox 308 3419 390 3478; x_wconf 87' lang='lat' dir='ltr'>petra</span> <span class='ocrx_word' id='word_1_447' title='bbox 403 3408 456 3476; x_wconf 90' lang='lat' dir='ltr'><strong>(M.</strong></span> <span class='ocrx_word' id='word_1_448' title='bbox 469 3407 502 3462; x_wconf 75' lang='lat' dir='ltr'>in</span> <span class='ocrx_word' id='word_1_449' title='bbox 514 3408 575 3478; x_wconf 85' lang='lat'>226,</span> <span class='ocrx_word' id='word_1_450' title='bbox 589 3409 664 3477; x_wconf 85' lang='lat' dir='ltr'><strong>Hyg.</strong></span> <span class='ocrx_word' id='word_1_451' title='bbox 675 3406 720 3477; x_wconf 86' lang='lat'>36)</span> <span class='ocrx_word' id='word_1_452' title='bbox 734 3407 795 3461; x_wconf 92' lang='lat' dir='ltr'>siue</span> <span class='ocrx_word' id='word_1_453' title='bbox 809 3407 949 3463; x_wconf 87' lang='lat' dir='ltr'>Lichades</span> <span class='ocrx_word' id='word_1_454' title='bbox 961 3406 1070 3461; x_wconf 86' lang='lat' dir='ltr'>insulae</span> <span class='ocrx_word' id='word_1_455' title='bbox 1084 3406 1188 3476; x_wconf 87' lang='lat' dir='ltr'>(Strab.</span> <span class='ocrx_word' id='word_1_456' title='bbox 1199 3406 1261 3475; x_wconf 87' lang='lat'>426,</span> <span class='ocrx_word' id='word_1_457' title='bbox 1275 3405 1346 3460; x_wconf 91' lang='lat' dir='ltr'>Plin.</span> <span class='ocrx_word' id='word_1_458' title='bbox 1357 3405 1392 3460; x_wconf 89' lang='lat' dir='ltr'>iv.</span> <span class='ocrx_word' id='word_1_459' title='bbox 1403 3404 1460 3475; x_wconf 89' lang='lat'><strong>62).</strong></span> 
     </span>
     <span class='ocr_line' id='line_1_43' title="bbox 308 3475 1461 3548; baseline 0 -16"><span class='ocrx_word' id='word_1_460' title='bbox 308 3482 379 3536; x_wconf 81' lang='lat'><strong>493.</strong></span> <span class='ocrx_word' id='word_1_461' title='bbox 396 3481 564 3545; x_wconf 79' lang='lat' dir='ltr'>praecipiti</span> <span class='ocrx_word' id='word_1_462' title='bbox 583 3495 667 3534; x_wconf 86' lang='lat' dir='ltr'>saxo.</span> <span class='ocrx_word' id='word_1_463' title='bbox 706 3478 896 3533; x_wconf 87' lang='lat' dir='ltr'>Callimachus</span> <span class='ocrx_word' id='word_1_464' title='bbox 916 3477 984 3532; x_wconf 89' lang='lat' dir='ltr'>dicit</span> <span class='ocrx_word' id='word_1_465' title='bbox 1004 3475 1051 3548; x_wconf 85' lang='grc' dir='ltr'>ἀφ’</span> <span class='ocrx_word' id='word_1_466' title='bbox 1071 3477 1177 3548; x_wconf 73' lang='grc' dir='ltr'>ὑψηλοῦ</span> <span class='ocrx_word' id='word_1_467' title='bbox 1197 3477 1303 3546; x_wconf 79' lang='grc' dir='ltr'>τείχεος,</span> <span class='ocrx_word' id='word_1_468' title='bbox 1320 3476 1461 3544; x_wconf 85' lang='lat' dir='ltr'>Agathias</span> 
     </span>
     <span class='ocr_line' id='line_1_44' title="bbox 308 3547 1458 3620; baseline -0.002 -16"><span class='ocrx_word' id='word_1_469' title='bbox 308 3551 341 3605; x_wconf 89' lang='lat' dir='ltr'>A.</span> <span class='ocrx_word' id='word_1_470' title='bbox 357 3551 387 3606; x_wconf 91' lang='lat' dir='ltr'>P.</span> <span class='ocrx_word' id='word_1_471' title='bbox 400 3549 436 3605; x_wconf 88' lang='lat' dir='ltr'>xi.</span> <span class='ocrx_word' id='word_1_472' title='bbox 450 3562 509 3618; x_wconf 89' lang='lat'><strong>354.</strong></span> <span class='ocrx_word' id='word_1_473' title='bbox 530 3551 560 3604; x_wconf 89' lang='lat'>18</span> <span class='ocrx_word' id='word_1_474' title='bbox 573 3548 675 3620; x_wconf 83' lang='grc' dir='ltr'>τεγέων,</span> <span class='ocrx_word' id='word_1_475' title='bbox 690 3548 790 3604; x_wconf 88' lang='lat' dir='ltr'>Cicero</span> <span class='ocrx_word' id='word_1_476' title='bbox 804 3551 859 3602; x_wconf 90' lang='lat' dir='ltr'>Pro</span> <span class='ocrx_word' id='word_1_477' title='bbox 878 3550 985 3603; x_wconf 91' lang='lat' dir='ltr'>Scauro</span> <span class='ocrx_word' id='word_1_478' title='bbox 998 3549 1044 3616; x_wconf 84' lang='lat'>§4</span> <span class='ocrx_word' id='word_1_479' title='bbox 1062 3565 1099 3602; x_wconf 82' lang='lat' dir='ltr'>ex</span> <span class='ocrx_word' id='word_1_480' title='bbox 1114 3547 1252 3602; x_wconf 79' lang='lat' dir='ltr'>altissime</span> <span class='ocrx_word' id='word_1_481' title='bbox 1270 3563 1361 3615; x_wconf 88' lang='lat' dir='ltr'>mure,</span> <span class='ocrx_word' id='word_1_482' title='bbox 1374 3549 1458 3602; x_wconf 92' lang='lat' dir='ltr'>Tusc.</span> 
     </span>
     <span class='ocr_line' id='line_1_45' title="bbox 309 3616 1460 3691; baseline -0.002 -16"><span class='ocrx_word' id='word_1_483' title='bbox 309 3621 391 3691; x_wconf 88' lang='lat' dir='ltr'>Disp.</span> <span class='ocrx_word' id='word_1_484' title='bbox 411 3621 428 3676; x_wconf 93' lang='lat' dir='ltr'>i.</span> <span class='ocrx_word' id='word_1_485' title='bbox 447 3635 487 3689; x_wconf 86' lang='lat'>34</span> <span class='ocrx_word' id='word_1_486' title='bbox 508 3621 543 3687; x_wconf 89' lang='lat'>84</span> <span class='ocrx_word' id='word_1_487' title='bbox 560 3637 575 3675; x_wconf 87' lang='lat' dir='ltr'>e</span> <span class='ocrx_word' id='word_1_488' title='bbox 592 3622 723 3674; x_wconf 85' lang='lat' dir='ltr'>marein</span> <span class='ocrx_word' id='word_1_489' title='bbox 741 3635 827 3688; x_wconf 82' lang='lat' dir='ltr'>reare,</span> <span class='ocrx_word' id='word_1_490' title='bbox 846 3618 1009 3674; x_wconf 90' lang='lat' dir='ltr'>Lactantius</span> <span class='ocrx_word' id='word_1_491' title='bbox 1028 3616 1064 3673; x_wconf 91' lang='lat' dir='ltr'>iii.</span> <span class='ocrx_word' id='word_1_492' title='bbox 1082 3619 1113 3673; x_wconf 93' lang='lat'>18</span> <span class='ocrx_word' id='word_1_493' title='bbox 1130 3619 1312 3688; x_wconf 71' lang='lat' dir='ltr'>praecipitem</span> <span class='ocrx_word' id='word_1_494' title='bbox 1329 3635 1358 3671; x_wconf 90' lang='lat' dir='ltr'>se</span> <span class='ocrx_word' id='word_1_495' title='bbox 1374 3618 1460 3674; x_wconf 83' lang='lat' dir='ltr'>dedit.</span> 
     </span>
     <span class='ocr_line' id='line_1_46' title="bbox 307 3686 1459 3782; baseline -0.004 -35"><span class='ocrx_word' id='word_1_496' title='bbox 307 3696 381 3778; x_wconf 55' lang='lat'><strong>484.</strong></span> <span class='ocrx_word' id='word_1_497' title='bbox 404 3695 460 3757; x_wconf 86' lang='lat' dir='ltr'>qui</span> <span class='ocrx_word' id='word_1_498' title='bbox 485 3691 689 3781; x_wconf 66' lang='lat' dir='ltr'>Cleombrotus.</span> <span class='ocrx_word' id='word_1_499' title='bbox 727 3689 931 3782; x_wconf 45' lang='lat' dir='ltr'>&#39;Callimachus</span> <span class='ocrx_word' id='word_1_500' title='bbox 951 3689 989 3780; x_wconf 46' lang='lat' dir='ltr'>‚in</span> <span class='ocrx_word' id='word_1_501' title='bbox 1014 3691 1049 3745; x_wconf 91' lang='lat' dir='ltr'>A.</span> <span class='ocrx_word' id='word_1_502' title='bbox 1072 3690 1103 3744; x_wconf 96' lang='lat' dir='ltr'>P.</span> <span class='ocrx_word' id='word_1_503' title='bbox 1127 3689 1173 3780; x_wconf 66' lang='lat' dir='ltr'>pii.</span> <span class='ocrx_word' id='word_1_504' title='bbox 1199 3686 1459 3780; x_wconf 42' lang='lat' dir='ltr'>47&#39;1,E&#39;hrasu&#39;iihte</span> 
     </span>
     <span class='ocr_line' id='line_1_47' title="bbox 306 3758 1460 3900; baseline -0.003 -13"><span class='ocrx_word' id='word_1_505' title='bbox 306 3758 1460 3900; x_wconf 62' lang='lat' dir='ltr'>llll:Mltittitifftit‘ltiliisllllllttliiiiiilliniti</span> 
     </span>
     <span class='ocr_line' id='line_1_48' title="bbox 307 3897 1459 3974; baseline -0.005 -15"><span class='ocrx_word' id='word_1_506' title='bbox 307 3903 446 3974; x_wconf 85' lang='lat' dir='ltr'>Agathias</span> <span class='ocrx_word' id='word_1_507' title='bbox 459 3905 494 3958; x_wconf 89' lang='lat' dir='ltr'>A.</span> <span class='ocrx_word' id='word_1_508' title='bbox 508 3906 539 3958; x_wconf 97' lang='lat' dir='ltr'>P.</span> <span class='ocrx_word' id='word_1_509' title='bbox 552 3902 588 3957; x_wconf 86' lang='lat' dir='ltr'>xi.</span> <span class='ocrx_word' id='word_1_510' title='bbox 602 3915 660 3971; x_wconf 83' lang='lat'><strong>354.</strong></span> <span class='ocrx_word' id='word_1_511' title='bbox 678 3916 709 3969; x_wconf 90' lang='lat'>17</span> <span class='ocrx_word' id='word_1_512' title='bbox 721 3902 754 3955; x_wconf 85' lang='lat' dir='ltr'>Ei</span> <span class='ocrx_word' id='word_1_513' title='bbox 766 3899 789 3955; x_wconf 79' lang='grc' dir='ltr'>δ’</span> <span class='ocrx_word' id='word_1_514' title='bbox 801 3901 908 3964; x_wconf 82' lang='grc' dir='ltr'>ε’θέλεις,</span> <span class='ocrx_word' id='word_1_515' title='bbox 921 3903 966 3955; x_wconf 86' lang='grc' dir='ltr'>τὸν</span> <span class='ocrx_word' id='word_1_516' title='bbox 976 3901 1055 3957; x_wconf 79' lang='grc' dir='ltr'>παῖδα</span> <span class='ocrx_word' id='word_1_517' title='bbox 1068 3903 1253 3970; x_wconf 83' lang='grc' dir='ltr'>Κλεόμβροτον</span> <span class='ocrx_word' id='word_1_518' title='bbox 1263 3897 1459 3970; x_wconf 79' lang='grc' dir='ltr'>’Δμβρακιιύτην</span> 
     </span>
     <span class='ocr_line' id='line_1_49' title="bbox 307 3970 1461 4046; baseline -0.003 -18"><span class='ocrx_word' id='word_1_519' title='bbox 307 3979 404 4042; x_wconf 87' lang='grc' dir='ltr'>Μιμοῦ,</span> <span class='ocrx_word' id='word_1_520' title='bbox 417 3975 457 4028; x_wconf 72' lang='grc' dir='ltr'>καὶ</span> <span class='ocrx_word' id='word_1_521' title='bbox 469 3975 564 4046; x_wconf 88' lang='grc' dir='ltr'>τεγέων</span> <span class='ocrx_word' id='word_1_522' title='bbox 576 3974 625 4027; x_wconf 83' lang='grc' dir='ltr'>σὸν</span> <span class='ocrx_word' id='word_1_523' title='bbox 637 3974 715 4041; x_wconf 84' lang='grc' dir='ltr'>δέμας</span> <span class='ocrx_word' id='word_1_524' title='bbox 726 3972 881 4041; x_wconf 83' lang='grc' dir='ltr'>ε’κχάλασον.</span> <span class='ocrx_word' id='word_1_525' title='bbox 909 3971 968 4028; x_wconf 85' lang='lat' dir='ltr'>Cic.</span> <span class='ocrx_word' id='word_1_526' title='bbox 978 3974 1062 4026; x_wconf 87' lang='lat' dir='ltr'>Tusc.</span> <span class='ocrx_word' id='word_1_527' title='bbox 1072 3971 1154 4040; x_wconf 84' lang='lat' dir='ltr'>Disp.</span> <span class='ocrx_word' id='word_1_528' title='bbox 1163 3970 1179 4024; x_wconf 84' lang='lat' dir='ltr'>i.</span> <span class='ocrx_word' id='word_1_529' title='bbox 1191 3985 1233 4039; x_wconf 84' lang='lat'>34.</span> <span class='ocrx_word' id='word_1_530' title='bbox 1241 3971 1276 4037; x_wconf 90' lang='grc'>84</span> <span class='ocrx_word' id='word_1_531' title='bbox 1289 3970 1461 4026; x_wconf 76' lang='lat' dir='ltr'>Callimachi</span> 
     </span>
     <span class='ocr_line' id='line_1_50' title="bbox 305 4042 1457 4116; baseline -0.003 -16"><span class='ocrx_word' id='word_1_532' title='bbox 305 4047 418 4116; x_wconf 84' lang='lat' dir='ltr'>quidem</span> <span class='ocrx_word' id='word_1_533' title='bbox 430 4047 606 4116; x_wconf 58' lang='lat' dir='ltr'>epigramma</span> <span class='ocrx_word' id='word_1_534' title='bbox 617 4044 649 4097; x_wconf 90' lang='lat' dir='ltr'>in</span> <span class='ocrx_word' id='word_1_535' title='bbox 661 4043 872 4098; x_wconf 65' lang='lat' dir='ltr'>Ambraciotam</span> <span class='ocrx_word' id='word_1_536' title='bbox 886 4043 1088 4098; x_wconf 83' lang='lat' dir='ltr'>Cleombrotum</span> <span class='ocrx_word' id='word_1_537' title='bbox 1100 4047 1160 4098; x_wconf 84' lang='lat' dir='ltr'>est:</span> <span class='ocrx_word' id='word_1_538' title='bbox 1179 4059 1261 4110; x_wconf 82' lang='lat' dir='ltr'>quem</span> <span class='ocrx_word' id='word_1_539' title='bbox 1273 4042 1323 4110; x_wconf 87' lang='lat' dir='ltr'>ait,</span> <span class='ocrx_word' id='word_1_540' title='bbox 1336 4057 1420 4110; x_wconf 85' lang='lat' dir='ltr'>quem</span> <span class='ocrx_word' id='word_1_541' title='bbox 1432 4059 1457 4096; x_wconf 84' lang='lat' dir='ltr'>ee</span> 
     </span>
     <span class='ocr_line' id='line_1_51' title="bbox 306 4112 1456 4182; baseline -0.003 -11"><span class='ocrx_word' id='word_1_542' title='bbox 306 4117 384 4171; x_wconf 76' lang='lat' dir='ltr'>nildl</span> <span class='ocrx_word' id='word_1_543' title='bbox 398 4117 541 4171; x_wconf 75' lang='lat' dir='ltr'>accidisset</span> <span class='ocrx_word' id='word_1_544' title='bbox 557 4115 679 4182; x_wconf 86' lang='lat' dir='ltr'>aduersi,</span> <span class='ocrx_word' id='word_1_545' title='bbox 691 4132 706 4168; x_wconf 87' lang='lat' dir='ltr'>e</span> <span class='ocrx_word' id='word_1_546' title='bbox 721 4131 804 4168; x_wconf 87' lang='lat' dir='ltr'>muro</span> <span class='ocrx_word' id='word_1_547' title='bbox 821 4131 849 4168; x_wconf 90' lang='lat' dir='ltr'>se</span> <span class='ocrx_word' id='word_1_548' title='bbox 866 4115 898 4168; x_wconf 91' lang='lat' dir='ltr'>in</span> <span class='ocrx_word' id='word_1_549' title='bbox 915 4130 994 4167; x_wconf 91' lang='lat' dir='ltr'>mare</span> <span class='ocrx_word' id='word_1_550' title='bbox 1007 4114 1135 4168; x_wconf 70' lang='grc' dir='ltr'>ούίεςιςςε</span> <span class='ocrx_word' id='word_1_551' title='bbox 1150 4112 1218 4166; x_wconf 89' lang='lat' dir='ltr'>lecto</span> <span class='ocrx_word' id='word_1_552' title='bbox 1229 4112 1361 4166; x_wconf 84' lang='lat' dir='ltr'>Platonis</span> <span class='ocrx_word' id='word_1_553' title='bbox 1377 4112 1456 4167; x_wconf 86' lang='lat' dir='ltr'>libro.</span> 
     </span>
     <span class='ocr_line' id='line_1_52' title="bbox 250 4183 1457 4255; baseline -0.005 -14"><span class='ocrx_word' id='word_1_554' title='bbox 250 4211 259 4228; x_wconf 57' lang='grc' dir='ltr'>ι</span> <span class='ocrx_word' id='word_1_555' title='bbox 306 4188 362 4241; x_wconf 92' lang='lat' dir='ltr'>Pro</span> <span class='ocrx_word' id='word_1_556' title='bbox 385 4188 491 4242; x_wconf 88' lang='lat' dir='ltr'>Scauro</span> <span class='ocrx_word' id='word_1_557' title='bbox 510 4188 525 4254; x_wconf 79' lang='lat'>§</span> <span class='ocrx_word' id='word_1_558' title='bbox 545 4201 563 4253; x_wconf 92' lang='lat'><strong>4</strong></span> <span class='ocrx_word' id='word_1_559' title='bbox 582 4186 628 4238; x_wconf 82' lang='lat' dir='ltr'>At</span> <span class='ocrx_word' id='word_1_560' title='bbox 649 4186 784 4239; x_wconf 82' lang='lat' dir='ltr'>Graeculi</span> <span class='ocrx_word' id='word_1_561' title='bbox 796 4185 908 4254; x_wconf 87' lang='lat' dir='ltr'>quidem</span> <span class='ocrx_word' id='word_1_562' title='bbox 929 4185 1022 4238; x_wconf 88' lang='lat' dir='ltr'>multa</span> <span class='ocrx_word' id='word_1_563' title='bbox 1037 4185 1166 4255; x_wconf 80' lang='lat' dir='ltr'>fingunt,</span> <span class='ocrx_word' id='word_1_564' title='bbox 1184 4183 1266 4253; x_wconf 78' lang='lat' dir='ltr'>apud</span> <span class='ocrx_word' id='word_1_565' title='bbox 1281 4199 1351 4252; x_wconf 83' lang='lat' dir='ltr'>ques</span> <span class='ocrx_word' id='word_1_566' title='bbox 1371 4185 1457 4236; x_wconf 77' lang='lat' dir='ltr'>etiam</span> 
     </span>
     <span class='ocr_line' id='line_1_53' title="bbox 306 4255 1457 4326; baseline -0.004 -15"><span class='ocrx_word' id='word_1_567' title='bbox 306 4258 510 4312; x_wconf 83' lang='lat' dir='ltr'>Cleombrotum</span> <span class='ocrx_word' id='word_1_568' title='bbox 521 4257 549 4311; x_wconf 89' lang='grc' dir='ltr'><em>Α</em></span> <span class='ocrx_word' id='word_1_569' title='bbox 552 4256 733 4310; x_wconf 86' lang='lat' dir='ltr'>mbraciotam</span> <span class='ocrx_word' id='word_1_570' title='bbox 736 4257 841 4326; x_wconf 75' lang='lat' dir='ltr'>seruent</span> <span class='ocrx_word' id='word_1_571' title='bbox 851 4273 880 4308; x_wconf 89' lang='lat' dir='ltr'>se</span> <span class='ocrx_word' id='word_1_572' title='bbox 891 4272 928 4308; x_wconf 78' lang='lat' dir='ltr'>ex</span> <span class='ocrx_word' id='word_1_573' title='bbox 937 4256 1075 4309; x_wconf 70' lang='lat' dir='ltr'>altissimo</span> <span class='ocrx_word' id='word_1_574' title='bbox 1082 4255 1286 4325; x_wconf 52' lang='lat' dir='ltr'>praeoptasse</span> <span class='ocrx_word' id='word_1_575' title='bbox 1297 4269 1387 4321; x_wconf 87' lang='lat' dir='ltr'>muro,</span> <span class='ocrx_word' id='word_1_576' title='bbox 1400 4269 1457 4307; x_wconf 88' lang='lat' dir='ltr'>nen</span> 
     </span>
     <span class='ocr_line' id='line_1_54' title="bbox 304 4324 1455 4397; baseline -0.004 -16"><span class='ocrx_word' id='word_1_577' title='bbox 304 4344 361 4397; x_wconf 83' lang='lat' dir='ltr'>quo</span> <span class='ocrx_word' id='word_1_578' title='bbox 378 4329 537 4382; x_wconf 85' lang='lat' dir='ltr'>acerbitatis</span> <span class='ocrx_word' id='word_1_579' title='bbox 554 4327 701 4396; x_wconf 74' lang='lat' dir='ltr'>accepisset</span> <span class='ocrx_word' id='word_1_580' title='bbox 717 4327 836 4396; x_wconf 59' lang='lat' dir='ltr'>alequid,</span> <span class='ocrx_word' id='word_1_581' title='bbox 854 4326 909 4394; x_wconf 90' lang='lat' dir='ltr'>sed,</span> <span class='ocrx_word' id='word_1_582' title='bbox 928 4331 962 4380; x_wconf 92' lang='lat' dir='ltr'>ut</span> <span class='ocrx_word' id='word_1_583' title='bbox 978 4326 1060 4380; x_wconf 87' lang='lat' dir='ltr'>uideo</span> <span class='ocrx_word' id='word_1_584' title='bbox 1076 4326 1214 4395; x_wconf 58' lang='lat' dir='ltr'>scriptum</span> <span class='ocrx_word' id='word_1_585' title='bbox 1231 4324 1313 4394; x_wconf 69' lang='lat' dir='ltr'>apud</span> <span class='ocrx_word' id='word_1_586' title='bbox 1329 4324 1455 4392; x_wconf 86' lang='lat' dir='ltr'>Graecos,</span> 
     </span>
     <span class='ocr_line' id='line_1_55' title="bbox 304 4394 1457 4469; baseline -0.005 -16"><span class='ocrx_word' id='word_1_587' title='bbox 304 4415 368 4453; x_wconf 87' lang='lat' dir='ltr'>cum</span> <span class='ocrx_word' id='word_1_588' title='bbox 386 4400 493 4453; x_wconf 90' lang='lat' dir='ltr'>summi</span> <span class='ocrx_word' id='word_1_589' title='bbox 503 4396 670 4469; x_wconf 80' lang='lat' dir='ltr'>philosophi</span> <span class='ocrx_word' id='word_1_590' title='bbox 687 4397 819 4452; x_wconf 87' lang='lat' dir='ltr'>Platonis</span> <span class='ocrx_word' id='word_1_591' title='bbox 832 4398 969 4468; x_wconf 82' lang='lat' dir='ltr'>grauiter</span> <span class='ocrx_word' id='word_1_592' title='bbox 986 4402 1014 4450; x_wconf 89' lang='lat' dir='ltr'>et</span> <span class='ocrx_word' id='word_1_593' title='bbox 1030 4401 1129 4450; x_wconf 88' lang='lat' dir='ltr'>ornate</span> <span class='ocrx_word' id='word_1_594' title='bbox 1145 4396 1282 4465; x_wconf 61' lang='lat' dir='ltr'>scriptum</span> <span class='ocrx_word' id='word_1_595' title='bbox 1300 4394 1405 4448; x_wconf 88' lang='lat' dir='ltr'>librum</span> <span class='ocrx_word' id='word_1_596' title='bbox 1423 4394 1457 4448; x_wconf 89' lang='lat' dir='ltr'>de</span> 
     </span>
     <span class='ocr_line' id='line_1_56' title="bbox 304 4466 1455 4538; baseline -0.004 -16"><span class='ocrx_word' id='word_1_597' title='bbox 304 4474 394 4522; x_wconf 79' lang='lat' dir='ltr'>morte</span> <span class='ocrx_word' id='word_1_598' title='bbox 404 4468 522 4538; x_wconf 79' lang='lat' dir='ltr'>legisset,</span> <span class='ocrx_word' id='word_1_599' title='bbox 532 4471 563 4522; x_wconf 86' lang='lat' dir='ltr'>in</span> <span class='ocrx_word' id='word_1_600' title='bbox 575 4485 639 4538; x_wconf 80' lang='lat' dir='ltr'>que,</span> <span class='ocrx_word' id='word_1_601' title='bbox 651 4474 712 4522; x_wconf 89' lang='lat' dir='ltr'>uto</span> <span class='ocrx_word' id='word_1_602' title='bbox 732 4470 804 4536; x_wconf 80' lang='lat' dir='ltr'>enar,</span> <span class='ocrx_word' id='word_1_603' title='bbox 814 4468 943 4521; x_wconf 87' lang='lat' dir='ltr'>Socrates</span> <span class='ocrx_word' id='word_1_604' title='bbox 954 4467 1006 4522; x_wconf 89' lang='lat' dir='ltr'>illo</span> <span class='ocrx_word' id='word_1_605' title='bbox 1017 4469 1079 4537; x_wconf 73' lang='grc' dir='ltr'>ι’ρςο</span> <span class='ocrx_word' id='word_1_606' title='bbox 1089 4467 1142 4535; x_wconf 71' lang='lat' dir='ltr'>dee,</span> <span class='ocrx_word' id='word_1_607' title='bbox 1151 4483 1207 4536; x_wconf 85' lang='lat' dir='ltr'>quo</span> <span class='ocrx_word' id='word_1_608' title='bbox 1218 4471 1281 4519; x_wconf 88' lang='lat' dir='ltr'>erat</span> <span class='ocrx_word' id='word_1_609' title='bbox 1291 4467 1320 4519; x_wconf 90' lang='lat' dir='ltr'>ei</span> <span class='ocrx_word' id='word_1_610' title='bbox 1329 4466 1455 4518; x_wconf 81' lang='lat' dir='ltr'>men&#39;un·</span> 
     </span>
     <span class='ocr_line' id='line_1_57' title="bbox 303 4538 1454 4610; baseline -0.003 -17"><span class='ocrx_word' id='word_1_611' title='bbox 303 4538 381 4607; x_wconf 88' lang='lat' dir='ltr'>dum,</span> <span class='ocrx_word' id='word_1_612' title='bbox 395 4538 542 4608; x_wconf 76' lang='lat' dir='ltr'>pannutia</span> <span class='ocrx_word' id='word_1_613' title='bbox 559 4539 695 4610; x_wconf 73' lang='lat' dir='ltr'>disputat,</span> <span class='ocrx_word' id='word_1_614' title='bbox 746 4555 781 4594; x_wconf 88' lang='lat' dir='ltr'>nc</span> <span class='ocrx_word' id='word_1_615' title='bbox 797 4555 853 4593; x_wconf 89' lang='lat' dir='ltr'>esse</span> <span class='ocrx_word' id='word_1_616' title='bbox 868 4543 985 4594; x_wconf 85' lang='lat' dir='ltr'>mortem</span> <span class='ocrx_word' id='word_1_617' title='bbox 1001 4554 1087 4608; x_wconf 84' lang='lat' dir='ltr'>quam</span> <span class='ocrx_word' id='word_1_618' title='bbox 1103 4553 1155 4594; x_wconf 86' lang='lat' dir='ltr'>nos</span> <span class='ocrx_word' id='word_1_619' title='bbox 1170 4538 1262 4592; x_wconf 88' lang='lat' dir='ltr'>uitam</span> <span class='ocrx_word' id='word_1_620' title='bbox 1275 4539 1454 4608; x_wconf 76' lang='lat' dir='ltr'>putaremus,</span> 
     </span>
    </p>
   </div>
   <div class='ocr_carea' id='block_1_4' title="bbox 0 0 1652 5210">
    <p class='ocr_par' dir='ltr' id='par_1_4' title="bbox 0 0 1652 5210">
     <span class='ocr_line' id='line_1_58' title="bbox 0 0 1652 5210; baseline 0 5"><span class='ocrx_word' id='word_1_621' title='bbox 0 0 1652 5210; x_wconf 95' lang='lat' dir='ltr'> </span> 
     </span>
    </p>
   </div>
  </div>
 </body>
</html>
