3312 5200
294 442 349 498 122
693 437 1042 501 COMMENTARIVS.

291 595 431 650 nesciebat.
446 595 535 666 coepit
545 595 616 650 uelle
625 595 707 666 filios
718 598 779 650 eius
794 611 897 650 meare.
912 597 956 650 rei
969 597 1113 663 romeiam,
1127 611 1213 665 quam
1227 595 1373 664 captiuam
1389 610 1449 648 esse

291 667 423 734 credebat,
435 669 527 737 ipsam
545 667 660 720 Inonem
677 669 806 737 sumpsit,
819 673 846 721 et
863 669 891 720 ei
906 667 983 721 dimi
996 673 1030 720 ut
1039 667 1120 736 filios
1137 683 1202 719 suos
1217 667 1346 719 candidu
1360 667 1447 719 uesti-

292 740 393 790 nuntis
405 741 532 807 operiret,
543 738 641 791 lnom's
645 737 726 806 filios
737 740 837 809 nigris.
868 738 922 791 Ino
933 755 998 791 suos
1009 739 1145 804 candidis,
1157 738 1185 790 T
1180 737 1343 790 bomestonis
1352 737 1448 806 pullis

292 811 410 878 operuit.
429 815 498 863 tunc
519 809 546 861 T
542 809 658 862 bemisto
675 809 787 878 decepta
807 826 872 862 suos
883 810 965 879 filios
982 809 1086 862 occidit.
1106 808 1140 861 id
1155 808 1205 861 ubi
1221 809 1315 860 resciit
1331 809 1397 876 ipsa
1417 825 1447 860 se

292 881 411 933 necoutt.
490 881 558 933 310.
570 883 705 934 Leucon.
720 880 767 934 Sic
780 879 872 934 dictus
886 890 929 933 est
942 896 1039 948 regum
1053 878 1172 948 Bospori
1186 877 1246 932 siue
1260 877 1445 948 Panticapaei

293 949 365 1005 serie
378 949 500 1019 quintus,
516 949 607 1017 Satyri
621 949 702 1018 filius,
715 960 796 1020 pater
809 950 939 1019 Spartoci
953 949 989 1004 iii.
1005 950 1130 1019 <Clintou
1145 951 1177 1004 F.
1189 950 1227 1003 H.
1241 951 1273 1002 T.
1285 963 1310 1002 2.
1324 965 1387 1016 cap.
1404 962 1444 1017 13,

294 1021 382 1073 Grote
393 1020 510 1074 Histoi
520 1022 628 1074 Greece
636 1020 681 1074 xii.
692 1037 719 1090 p.
728 1021 801 1090 648).
827 1021 970 1090 Regnauit
980 1037 1070 1074 annos
1079 1018 1256 1088 40(393-353
1269 1017 1343 1086 uo),
1356 1018 1445 1073 Diod.

292 1089 346 1144 xiv.
357 1105 399 1158 93,
408 1090 461 1144 xvi.
471 1105 513 1158 31,
523 1100 551 1144 et
562 1108 648 1144 senex
660 1101 802 1161 sceptrum
814 1091 931 1146 tradidit
944 1092 1008 1146 filio.
1031 1093 1116 1145 Hunc
1126 1089 1314 1144 Athenienses
1328 1089 1445 1144 ciuitate

293 1161 469 1214 donauerunt
482 1171 597 1230 propter
609 1179 705 1216 curam
718 1179 775 1232 qua
787 1163 958 1216 frumentum
971 1180 1005 1216 ex
1019 1164 1148 1231 Bosporo
1158 1162 1286 1215 Athenas
1298 1160 1444 1214 transmit-

293 1231 411 1285 tendum
428 1243 610 1301 susceperat:
636 1232 715 1286 cuius
732 1233 771 1286 rei
791 1243 1006 1287 monumentum
1021 1242 1097 1286 extat
1115 1232 1143 1285 in
1162 1231 1262 1285 Piraeo
1276 1241 1390 1300 reperta
1402 1231 1444 1284 in·

294 1301 409 1372 scriptio
430 1302 628 1371 (Kumanudes
653 1303 681 1356 in
702 1305 852 1358 Athenaeo
873 1305 906 1357 T.
926 1303 962 1357 vi.
981 1321 1007 1373 p.
1031 1315 1088 1371 152,
1108 1305 1142 1356 A.
1163 1302 1298 1356 Schaeler
1316 1300 1345 1354 in
1366 1303 1442 1355 Mus.

293 1374 384 1426 Rhen.
398 1373 481 1426 xxxiii
495 1390 522 1442 p.
535 1374 598 1442 419)
612 1373 659 1427 ubi
675 1375 827 1443 Spartocus
845 1384 873 1428 et
890 1373 1057 1428 Paerisades
1077 1373 1215 1427 Leuconis
1230 1372 1276 1426 lilii
1291 1373 1444 1426 laudantur

293 1453 321 1497 et
341 1454 518 1511 coronantur,
531 1455 562 1498 ut
577 1445 637 1513 ipse
654 1455 739 1498 antea
756 1462 821 1499 cum
838 1455 918 1515 patre
933 1446 1034 1514 Satyro
1053 1445 1151 1498 tuerat.
1190 1444 1351 1497 Leuconem
1366 1443 1444 1496 illus·

293 1524 365 1568 trem
379 1514 464 1568 fuisse
482 1515 565 1568 docet
577 1532 633 1568 non
648 1516 739 1568 solum
755 1517 853 1570 crebra
870 1515 1102 1569 commemoratio
1117 1517 1201 1568 Dem.
1216 1516 1294 1583 Lept.
1308 1514 1442 1582 467-469,

295 1586 387 1639 Strab.
407 1600 466 1654 301,
486 1600 545 1654 310,
563 1601 623 1654 311,
642 1588 774 1654 Polyaen.
791 1606 818 1641 v.
833 1601 876 1654 44,
892 1587 928 1640 vi.
941 1601 966 1654 9,
985 1587 1056 1640 Plut.
1076 1588 1148 1639 Mor.
1167 1599 1241 1653 1043,
1258 1585 1362 1638 Athen.
1380 1597 1443 1652 257,

293 1657 354 1709 Ael.
369 1657 402 1709 V.
419 1658 456 1710 H.
469 1656 504 1710 vi.
522 1671 561 1723 13,
575 1659 646 1710 Aen.
664 1659 742 1710 Tact.
757 1676 782 1725 v,
802 1657 854 1710 sed
872 1657 948 1727 quod
967 1674 1032 1710 cum
1055 1657 1226 1724 Idanthyrso
1249 1655 1355 1723 Scytha
1376 1672 1444 1708 con-

294 1725 417 1794 iungitur
435 1727 624 1796 aChrysippo
643 1729 878 1796 ap.Plut.1o43;
897 1745 992 1781 acrem
1011 1727 1039 1780 in
1058 1727 1254 1796 delinquentes
1273 1743 1326 1779 nec
1345 1735 1443 1792 tamen

294 1798 436 1850 crudelem
458 1807 597 1852 testantur
614 1799 686 1852 Aen.
706 1798 838 1852 Tacticus
857 1817 882 1867 v,
901 1799 1065 1852 Athenaeus
1084 1810 1155 1866 257:
1185 1797 1292 1850 bonum
1310 1814 1345 1850 ex
1365 1796 1443 1850 Stra-

292 1867 375 1920 bonis
395 1867 488 1920 uerbis
507 1868 603 1921 elicias
617 1883 669 1935 310
684 1868 822 1922 ε’καλοῡντο
840 1869 868 1921 δὲ
883 1868 1010 1938 τύραννοι,
1023 1870 1113 1938 καίπερ
1131 1869 1155 1922 oi
1172 1868 1277 1922 πλείους
1294 1867 1445 1922 ἐπιεικεῖς

292 1940 428 2008 γεγονότες
447 1938 615 2006 ἀρξάμενοι
634 1938 692 1992 άπὸ
712 1941 894 2007 Παρισάδου
918 1940 966 1992 καί
986 1938 1141 1993 Λεύκωνος
1157 1948 1185 1992 et
1204 1936 1307 1992 Dionis
1321 1939 1401 1992 Orat.
1414 1937 1443 1992 ii.

292 2025 320 2077 p.
338 2022 382 2060 101
400 2007 512 2075 Reiske‚
530 2026 615 2078 quem
629 2008 776 2065 Clintonus
795 2009 901 2078 citauit,
913 2012 959 2064 τὸν
974 2010 1004 2064 δέ
1019 2032 1049 2100 γε
1066 2009 1183 2080 ἀνδρεῖον
1199 2011 1239 2061 καὶ
1256 2009 1445 2078 φιλάνθρωπον

294 2079 334 2131 καὶ
347 2081 400 2133 τοῖς
412 2079 530 2145 ὑπηκόοις
543 2083 631 2133 εὔνουν
649 2119 655 2133 .
676 2119 683 2134 .
703 2121 710 2136 .
728 2103 773 2148 της
785 2103 875 2151 αρετης
888 2081 917 2150 (ο
926 2081 1002 2151 Ζευς)
1014 2081 1148 2152 αγάμενος,
1159 2081 1192 2134 ὡς
1204 2081 1234 2133 rb
1246 2078 1315 2132 πολὺ
1327 2080 1373 2148 μὲν
1385 2079 1443 2149 ἄγει

291 2150 357 2216 πρὸς
372 2151 460 2218 γῆρας,
473 2150 587 2215 καθάπερ
603 2149 729 2216 ἀκούομεν
744 2155 829 2219 Κῦρόν
839 2173 868 2204 τε
882 2153 923 2204 καὶ
936 2154 1046 2220 Δηῖόκην
1062 2153 1106 2204 τὸν
1119 2151 1209 2216 Μῆδον
1226 2150 1266 2202 καὶ
1278 2149 1445 2220 Ἀγάθυρσον

292 2221 337 2273 τὸν
352 2219 449 2287 Σκύθην
465 2222 506 2274 καὶ
521 2219 648 2274 Λεύκωνα.
687 2222 764 2277 Talis
781 2223 827 2293 qui
836 2222 903 2290 suit,
916 2231 943 2276 et
959 2239 1045 2277 senex
1061 2231 1089 2276 et
1104 2221 1169 2275 felix
1186 2231 1312 2274 mortuus
1331 2229 1382 2286 est,
1395 2220 1443 2273 uix

293 2307 358 2343 cum
377 2290 469 2344 fratris
484 2308 569 2346 uxore
582 2291 750 2346 adulterium
768 2293 868 2361 facere,
882 2295 927 2348 uel
946 2294 982 2347 ab
999 2295 1054 2347 hac
1070 2293 1165 2346 necari
1179 2301 1297 2373 poterat,
1317 2301 1347 2345 ut
1365 2292 1444 2344 nulla

293 2370 389 2415 tantae
401 2363 561 2429 περιπετείας
573 2363 696 2417 narratio
709 2364 838 2419 extiterit.
878 2365 954 2417 Hinc
966 2365 1119 2418 Leuconem
1132 2373 1225 2432 potsus
1238 2361 1364 2430 intelligo
1376 2379 1442 2415 eum

294 2431 341 2502 qui
359 2450 393 2486 ex
406 2442 537 2502 quattuor
550 2433 613 2487 filiis
631 2435 812 2489 Athamantis
830 2445 857 2488 et
876 2434 1068 2488 Themistonis
1085 2434 1144 2502 fuit,
1157 2432 1277 2488 testibus
1291 2433 1443 2486 Herodoro

294 2519 339 2571 ap.
360 2504 452 2557 Schol.
467 2506 519 2573 Ap.
538 2506 572 2558 R.
591 2504 617 2558 ii.
639 2520 713 2573 1144,
733 2506 906 2574 Apollodoro
918 2505 935 2560 i.
950 2521 973 2574 9.
989 2519 1013 2573 2,
1033 2508 1133 2559 Tzetza
1151 2505 1189 2558 ad
1209 2505 1274 2572 Lyc.
1293 2519 1335 2556 21.
1374 2505 1441 2556 Non

293 2575 412 2627 multum
425 2591 519 2628 moror
536 2575 612 2645 quod
625 2575 744 2629 filiorum
760 2577 876 2630 nomina
892 2591 963 2646 quos
976 2575 1123 2630 Themisto
1136 2574 1248 2643 occidit,
1262 2573 1401 2627 Plinthius
1415 2584 1452 2641 etx

294 2646 491 2699 Orchomenus
517 2656 582 2699 sunt
608 2663 651 2714 ap.
681 2647 786 2716 Hygin.
805 2662 863 2715 239.
901 2647 975 2701 Vide
994 2664 1067 2717 quae
1085 2647 1122 2700 ad
1144 2648 1245 2715 Hyg.1
1268 2645 1442 2698 Munckerus

294 2716 429 2770 enotauit.
482 2719 544 2769 311.
564 2720 728 2771 canusima
736 2735 869 2782 corporo
877 2718 971 2772 uxoris
981 2728 1009 2772 et
1022 2717 1251 2771 concubinarum.
1276 2716 1442 2769 Athenaeus

296 2799 346 2855 529
358 2804 392 2840 ex
406 2787 502 2840 Ctesia
514 2798 609 2841 narrat
623 2788 858 2857 Sardanapallum
874 2788 992 2857 periisse
1003 2789 1087 2858 πυρὰν
1099 2787 1212 2855 νήσαντα
1224 2785 1294 2856 ὕψος
1306 2786 1444 2856 τεσσάρων

291 2857 420 2922 πλέθρων,
430 2855 474 2928 ἐφ’
487 2857 516 2926 ἦς
528 2857 635 2924 ἐπέθηκε
647 2861 748 2928 χρυσᾶς
764 2860 851 2914 κλίνας
863 2861 952 2912 ἑκατὸν
968 2860 1010 2912 καὶ
1021 2857 1177 2926 πεντήκοντα
1193 2859 1234 2911 καὶ
1245 2854 1306 2911 ’ίσας
1317 2856 1444 2926 τραπέζας

293 2929 334 2978 καὶ
352 2926 445 2981 ταύτας
460 2931 568 2997 χρυσᾶς.
594 2929 701 2996 ε’ποίησε
719 2929 747 2982 δὲ
761 2930 790 2984 ἐν
807 2930 838 2998 τῇ
856 2932 924 2998 πυρᾷ
943 2930 983 2982 καὶ
1003 2927 1094 2997 οἴκημα
1112 2929 1288 2996 ε’κατόμποδον
1302 2927 1331 2980 ε’κ
1347 2926 1443 2995 ξύλων,

293 2997 419 3050 κάνταῦθα
432 2998 518 3053 κλίνας
530 2999 690 3069 ὑπεστόρεσε
702 3001 743 3054 καὶ
756 3001 888 3068 κατεκλίθη
899 2999 1006 3054 ἐνταῦθα
1019 3001 1094 3055 οὗτός
1103 3021 1131 3054 τε
1144 3001 1184 3052 καὶ
1196 3000 1260 3067 μετὰ
1272 3000 1317 3066 τῆς
1325 2999 1444 3068 γυναικὸς

292 3067 371 3121 αὐτοῦ
384 3068 425 3120 καὶ
438 3069 464 3121 ol
475 3070 630 3124 παλλακίδες
643 3071 671 3123 ἐν
683 3074 738 3126 ταῖς
750 3071 842 3126 ἄλλοις
854 3073 958 3127 κλίναις.
997 3069 1152 3140 (Saluagn.)
1291 3072 1357 3124 312.
1371 3073 1443 3123 Sar·

293 3141 487 3203 dunapallus.
518 3140 621 3194 Athen.
637 3154 688 3209 529
700 3142 918 3210 Σαρδανάπαλλος
935 3141 964 3195 δν
975 3144 1000 3195 oi
1016 3145 1063 3210 μὲν
1076 3140 1301 3210 Ἀνακυνδαράξεω
1316 3140 1444 3210 λέγουσιν

292 3209 355 3273 υίόν,
369 3210 393 3260 oi
406 3208 632 3290 di'tAuoBoffdpoo.
695 3215 760 3267 318.
778 3216 890 3278 Libyci
904 3213 980 3267 Iouis
992 3211 1150 3266 Ammonis.
1180 3215 1300 3266 uiolare
1312 3211 1444 3281 ἐμπρῆσαι

295 3279 404 3333 Herod.
426 3279 464 3334 in.
485 3292 526 3347 25.
575 3288 724 3345 parantes
745 3283 848 3338 milites
868 3284 971 3338 missos
991 3301 1008 3338 a
1031 3285 1173 3352 cambyse
1194 3301 1260 3352 rege
1283 3284 1443 3337 Persarum.

293 3353 360 3404 314.
377 3353 460 3405 Aeto.
471 3357 546 3405 noto
558 3368 623 3405 cum
636 3353 709 3408 inter
722 3355 811 3408 Oasin
824 3364 852 3408 et
864 3354 1032 3408 Ammonios
1045 3354 1131 3409 medii
1144 3364 1247 3422 esseut,
1260 3353 1363 3423 λέγεται
1381 3391 1388 3406 .
1407 3391 1415 3405 .
1435 3393 1441 3406 .

293 3420 402 3488 ἄριστον
431 3422 603 3490 αἱρεομένοισι
637 3424 752 3478 αὐτέοισι
783 3425 934 3479 ἐπιπνεῦσαι
968 3425 1042 3479 νότον
1075 3426 1156 3496 μέγαν
1186 3447 1215 3478 τε
1245 3426 1285 3478 καὶ
1318 3423 1443 3490 ἐξαίσιον,

293 3492 423 3560 φορέοντα
441 3492 469 3544 δὲ
485 3491 556 3548 θῖνας
570 3495 615 3559 τῆς
631 3496 741 3564 ψάμμου
755 3501 902 3565 καταχῶσαι
917 3494 1003 3566 σφέας
1020 3497 1061 3550 καὶ
1076 3497 1163 3567 τρόπῳ
1177 3492 1283 3566 τοιούτῳ
1295 3493 1443 3562 άφανισθῐη-

294 3583 341 3615 ναι.
381 3563 489 3618 Herod.
508 3563 544 3618 iii.
562 3565 596 3618 26
615 3564 722 3634 (Const.
737 3565 819 3634 Fan.)
926 3570 992 3621 ³15.
1009 3574 1192 3622 necatorum
1210 3569 1306 3620 Darei
1322 3567 1444 3619 fraude.

294 3633 357 3686 Val.
377 3633 527 3704 Maximus,
546 3635 621 3690 unde
639 3653 690 3690 sua
709 3637 787 3690 duxit
810 3637 999 3705 Scholiasta*,
1021 3639 1092 3692 haec
1112 3637 1180 3691 dicit
1201 3636 1238 3692 ix.
1252 3637 1307 3690 2.6
1326 3637 1442 3690 Extem.

296 3703 389 3757 Orbus
418 3711 511 3759 autem
542 3709 595 3775 qui
617 3711 716 3777 postea
742 3709 854 3761 Darius
883 3709 1044 3779 appellatus
1071 3713 1118 3777 est,
1142 3709 1318 3762 sanctissimo
1346 3708 1444 3760 Persis

292 3775 478 3829 iureiurando
502 3776 655 3846 obstrictus,
676 3795 710 3831 ne
733 3796 814 3847 quem
838 3796 875 3832 ex
896 3781 1096 3847 commatibus,
1118 3796 1190 3848 quae
1212 3782 1314 3848 septem
1338 3779 1444 3848 Magos

292 3862 356 3898 cum
382 3863 413 3898 eo
440 3851 622 3918 oppresserat,
647 3855 699 3902 aut
722 3867 827 3902 ueneno
854 3856 907 3903 aut
927 3851 1011 3921 serro
1037 3855 1090 3904 aut
1115 3851 1176 3904 ulla
1206 3851 1240 3903 ui
1267 3854 1319 3902 out
1343 3850 1444 3918 inopia

292 3917 491 3970 alimentorum
504 3925 620 3986 necaret,
630 3920 812 3973 crudeliorem
825 3922 924 3974 mortis
936 3923 1073 3974 rotronem
1085 3921 1265 3990 excogitauit,
1278 3936 1335 3989 qua
1347 3935 1443 3972 onero-

291 4003 335 4039 sos
356 3988 411 4040 sibi
432 4005 489 4041 non
508 3992 648 4058 perrupto
671 3991 818 4061 relegerom's
841 3993 956 4045 uinculo
979 3993 1095 4046 tolleret.
1133 3993 1252 4061 Septum
1275 3993 1350 4044 enim
1374 3991 1444 4044 altc's

286 4059 446 4126 partetibus
458 4059 548 4112 lactem
560 4061 651 4113 cinere
662 4063 818 4131 compleuit,
831 4064 1028 4133 suppositoque
1038 4065 1119 4133 tigno
1128 4063 1315 4132 prominente,
1328 4061 1444 4132 benigne

290 4128 349 4180 cebo
369 4135 397 4181 et
411 4131 526 4200 potiom
546 4135 670 4200 exceptos
690 4134 722 4184 in
739 4150 770 4185 eo
787 4133 955 4198 collocabat·
978 4151 1065 4203 equo
1082 4150 1178 4186 somno
1196 4135 1288 4202 sopiti,
1306 4134 1338 4185 in
1359 4133 1443 4185 illam

291 4199 456 4253 e'restcieosom
474 4204 629 4270 congeriem
646 4202 811 4257 desiliebant.
852 4205 932 4273 Quae
945 4204 1102 4258 coniuratio
1120 4204 1176 4258 ista
1193 4202 1283 4271 suerit,
1298 4202 1442 4269 nescitur3

291 4268 404 4322 uidetur
421 4287 472 4338 per
488 4288 611 4325 errorem
630 4274 716 4327 ducta
734 4291 767 4328 ex
788 4275 894 4329 Herod.
911 4275 947 4329 iii.
962 4288 997 4341 70
1009 4291 1069 4345 sqq.
1090 4275 1137 4329 ubi
1157 4274 1263 4329 Darius
1278 4276 1289 4327 l
1309 4290 1373 4327 cum
1392 4290 1443 4326 sex

291 4338 353 4392 aliis
378 4342 480 4409 Magos
500 4352 620 4412 occupat
641 4344 825 4416 trucidatque.
873 4346 984 4401 Ctesias
1006 4356 1138 4416 quattuor
1158 4353 1362 4400 commemorat
1386 4345 1442 4398 hac

325 4485 344 4595 *ἑ
355 4483 440 4532 Nescio
451 4500 498 4547 quo
511 4501 589 4534 errore
601 4487 661 4536 hanc
672 4488 791 4537 historiam
807 4491 830 4538 in
847 4499 957 4552 apparatu
972 4491 1082 4540 fictitiam
1094 4492 1149 4540 dixi.
1184 4491 1276 4539 Ficticia
1288 4505 1335 4538 non
1346 4498 1388 4549 est,
1401 4489 1441 4537 sed

287 4563 331 4595 con
342 4563 389 4596 usa.
