3294 5214
685 445 932 508 PRAEFATIO.
1357 452 1385 512 xi

232 606 340 667 macho
356 604 531 664 Philostrato
550 601 708 665 Heraclide
725 603 849 666 Pontico
859 625 866 678 ;
896 623 1023 682 ususque
1041 616 1085 666 est
1105 606 1221 668 scholiis
1239 607 1384 668 uberrime

233 701 359 761 Tzetzae
378 707 408 758 et
426 697 584 774 Apollonii,
606 698 658 758 sed
679 708 708 758 et
728 699 829 758 Iustini
850 698 989 776 Epitoma
1003 699 1096 778 Trogi
1117 701 1258 778 Pompeii,
1279 702 1384 778 quibus

233 793 304 853 nihil
325 793 364 852 ad
384 791 518 852 historias
539 791 626 851 hasce
647 792 829 870 indagandas
850 793 945 852 utilius
967 803 1019 854 est.
1062 793 1150 854 Noua
1171 795 1272 854 adtulit
1294 794 1383 853 haec:

233 904 261 946 ιι.
281 900 338 962 305
361 886 398 946 de
420 885 602 962 Olympiade,
624 895 716 945 matre
737 885 897 947 Alexandri
918 885 1030 964 Magni,
1052 905 1070 947 a
1091 888 1246 948 Cassandri
1267 906 1385 965 percus-

233 982 345 1041 soribus
360 979 496 1040 confossa
512 981 713 1056 interpretatus
728 989 780 1052 est,
795 980 826 1038 in
842 980 923 1057 quod
943 999 1000 1058 ego
1015 999 1142 1060 quoque,
1157 981 1292 1042 nondum
1309 981 1386 1041 lecta

233 1073 357 1135 Desselii
377 1073 574 1145 adnotatione,
595 1074 770 1133 incideram:
799 1092 828 1134 ιι.
848 1088 906 1151 417
930 1075 1077 1134 bahomr'mlr
1098 1077 1139 1136 sic
1161 1076 1287 1153 explicat
1311 1084 1385 1134 tam-

233 1185 323 1244 quam
342 1166 464 1226 alterum
482 1185 593 1227 nomen
606 1165 671 1226 Irus
690 1177 809 1244 propter
827 1177 1027 1244 paupertatem
1046 1170 1199 1246 acceperit,
1214 1169 1301 1229 allato
1317 1169 1385 1228 loco

234 1280 271 1321 ex
295 1261 468 1338 Aphthonii'
482 1261 750 1338 Progymnasmatis
771 1262 807 1320 iv.
834 1267 927 1320 Σκόπει
949 1268 994 1321 τὸν
1012 1262 1091 1339 Ἰρον,
1112 1264 1141 1323 ds
1160 1266 1259 1336 Ἰθάκης
1282 1267 1329 1335 μὲν
1350 1261 1386 1320 εἶν

233 1357 344 1430 ἐγένετο,
366 1357 413 1427 τὴν
436 1357 514 1424 αὐτὴν
537 1358 565 1412 δὲ
588 1360 642 1414 τοῖς
665 1355 757 1414 ἅλλοις
780 1359 898 1416 πολίταις
922 1360 953 1414 οὔ
981 1361 1172 1431 μετελάμβανεν
1196 1359 1290 1428 ἄδειαν,
1316 1359 1386 1413 ἀλλὰ

202 1485 206 1494 -
234 1454 359 1506 τοσοῦτον
372 1450 441 1525 αὐτῷ
454 1453 499 1520 τῆς
513 1450 609 1508 ἐνδείας
620 1452 722 1524 προσῆν
735 1451 769 1508 ὣς
781 1451 925 1522 μεταθεῖναι
938 1455 969 1521 τῇ
983 1453 1057 1523 πενίᾳ
1069 1453 1115 1522 τὴν
1128 1455 1227 1522 κλῆσιν.
1269 1451 1386 1524 Ἀρναῖος

234 1546 284 1618 γὰρ
302 1546 348 1615 τὴν
363 1544 445 1618 ἀρχὴν
460 1544 613 1617 προκληθεὶς
621 1541 691 1618 ’lpas
707 1544 903 1616 μετωνομάζετο,
918 1546 964 1614 τὴν
979 1547 1137 1617 μετωνομίαν
1153 1546 1181 1601 ἐκ
1198 1549 1245 1601 τοῦ
1263 1547 1386 1601 διαῑονεῐν

235 1638 418 1709 κομισάμενοι
454 1655 482 1694 u
509 1638 568 1712 467
596 1636 696 1696 locum
723 1635 887 1696 Philostrati
914 1637 951 1697 de
979 1638 1115 1697 mendico
1144 1656 1214 1697 sene
1241 1638 1385 1714 lapidibus

234 1732 340 1792 obruto
357 1730 471 1808 primus
491 1730 605 1790 uidetur
621 1731 770 1790 citauisse:
795 1749 822 1790 u.
839 1742 898 1805 473
921 1729 1067 1809 Sangarite
1087 1739 1169 1790 natur
1186 1731 1273 1790 eodem
1294 1731 1385 1808 expli-

235 1825 313 1884 cauit
331 1824 368 1884 de
383 1824 530 1901 Lycaone,
545 1823 660 1901 Pelasgi
680 1824 746 1896 filio,
761 1823 843 1884 Iouis
862 1834 979 1901 nepote,
994 1826 1036 1884 sic
1055 1834 1086 1883 ut
1102 1824 1284 1896 Salmoneus,
1299 1824 1384 1884 Aeoli

235 1918 318 1991 filius,
332 1918 412 1977 Iouis
426 1936 520 1995 nepos
534 1917 601 1977 suit:
622 1937 650 1977 u.
664 1933 722 1994 549
738 1917 886 1992 &raccath
896 1927 989 1994 poetae
1003 1919 1041 1978 ad
1055 1917 1268 1996 Empedoclem
1282 1918 1385 1978 retulit.

237 2012 296 2074 Sed
309 2014 382 2074 haec
396 2014 518 2086 rariora;
542 2013 595 2072 luit
608 2014 686 2072 enim
706 2012 861 2090 plumbeus
875 2014 1004 2091 ingenio,
1019 2031 1075 2074 nec
1089 2014 1139 2090 qui
1153 2033 1206 2091 per
1220 2014 1383 2073 doctrinam

236 2126 318 2167 suam
337 2108 366 2165 in
385 2125 465 2168 noua
482 2106 653 2184 plerumque
671 2107 829 2179 duceretur,
844 2108 953 2184 quippe
970 2125 1067 2184 quem,
1085 2107 1198 2166 Iustino
1218 2125 1285 2167 cum
1304 2109 1386 2167 incu-

236 2207 336 2277 buerit,
365 2205 483 2265 historia
509 2203 557 2263 illa
584 2205 621 2264 de
651 2203 780 2264 Siritanis
807 2215 905 2264 tamen
933 2204 1053 2277 latuerit,
1080 2215 1222 2283 conperta
1250 2205 1339 2264 serius
1368 2223 1386 2263 a

237 2299 403 2377 Saluagnio.
886 2371 888 2376 Ι

279 2392 338 2453 Sed
364 2411 402 2452 ne
430 2394 487 2452 mei
515 2411 633 2470 quoque
660 2392 746 2452 laude
773 2411 826 2452 sua
850 2403 975 2464 careant,
1001 2411 1061 2452 non
1087 2402 1130 2452 est
1156 2391 1385 2469 praetereundus

237 2487 371 2547 Thomas
391 2486 609 2558 Vnderdown,*
631 2487 681 2565 qui
702 2496 797 2546 totum
820 2504 939 2546 carmen
959 2485 1084 2563 Anglice
1107 2487 1237 2546 uersibus
1261 2485 1385 2545 reddidit

236 2582 383 2659 ediditque
402 2600 470 2642 cum
486 2581 724 2641 adnotationibus
739 2599 764 2639 a.
783 2582 868 2656 1569.
912 2581 973 2654 Qui
992 2581 1016 2640 si
1036 2599 1105 2640 curn
1125 2579 1186 2638 aliis
1201 2590 1387 2656 comparetur

237 2677 287 2754 qui
301 2675 400 2737 Ouidii
419 2677 527 2753 scripta
544 2675 575 2734 in
594 2685 725 2734 nostrum
745 2661 912 2734 sermonem
929 2675 1139 2747 transtulerunt,
1155 2675 1229 2734 inter
1242 2691 1317 2750 quos
1334 2674 1387 2733 luit

236 2780 324 2848 poeta
343 2787 475 2830 summus
494 2769 721 2847 Christopborus
740 2767 909 2842 Marlowe,†
924 2769 1006 2829 cuius
1025 2777 1124 2828 extant
1143 2768 1242 2829 Ouidii
1261 2769 1387 2828 Amores

218 2863 368 2940 ¹anglicis
396 2864 527 2924 uersibus
555 2864 607 2923 sed
634 2864 806 2940 inprospere
830 2864 968 2940 expressi,
997 2881 1090 2941 prope
1118 2864 1235 2922 unicam
1263 2862 1388 2938 gloriam

237 2968 411 3019 consecutus
424 2967 477 3019 est.
519 2957 647 3017 Libellus
661 2968 705 3018 est
719 2958 818 3030 rarior,
833 2957 1019 3034 dignissimus
1033 2966 1133 3016 tamen
1148 2958 1198 3034 qui
1209 2958 1373 3035 perlegatur
1377 2975 1386 3030 ;

238 3053 314 3113 adeo
328 3053 358 3111 in
371 3061 434 3113 toto
448 3070 538 3128 opere
552 3052 681 3128 perlucet
700 3052 779 3111 rudis
793 3061 822 3110 et
836 3052 991 3111 uernacula
1005 3051 1181 3127 simplicitas
1196 3051 1271 3111 adeo
1286 3051 1344 3110 acri
1358 3059 1388 3110 et

216 3219 219 3223 Ι
238 3146 349 3206 ardenti
370 3156 399 3206 et
422 3165 516 3224 paene
538 3145 659 3205 dixerim
680 3145 807 3222 Anglico
828 3145 897 3204 odio
919 3145 1013 3204 fertur.
1057 3145 1298 3221 Lectitabantque
1319 3144 1386 3202 Ibin

237 3240 328 3318 Angli
349 3258 386 3301 eo
404 3249 535 3317 tempore
555 3240 772 3316 discebantque,
787 3240 812 3298 si
831 3239 949 3316 quidem
968 3239 1117 3315 poematio
1136 3256 1196 3315 quo
1213 3239 1243 3297 in
1261 3237 1387 3297 Mariam

239 3334 395 3394 Scotorum
409 3334 539 3410 reginam
553 3333 685 3393 inuectus
700 3343 744 3392 est
760 3333 882 3410 scriptor
896 3333 1059 3410 ignotus'in
1072 3332 1190 3391 Froudii
1206 3332 1283 3391 Hist.
1298 3330 1387 3408 Angl.

238 3446 264 3488 c.
279 3431 318 3500 48
333 3437 362 3487 et
374 3428 470 3504 ipsum
484 3445 602 3487 carmen
621 3427 795 3486 nominatim
809 3427 907 3487 citauit
924 3436 953 3486 et
971 3426 1062 3486 multa
1075 3445 1112 3485 ex
1126 3444 1163 3485 eo
1178 3426 1304 3485 imitatus
1319 3428 1387 3494 estl

238 3522 336 3581 Etiam
355 3521 385 3580 in
405 3521 555 3581 Peruuinis
569 3521 652 3581 Indis
670 3521 806 3581 inuentus
820 3531 864 3581 est
883 3522 933 3598 qui
949 3520 1110 3581 Ouidianas
1129 3519 1185 3578 iras
1204 3519 1387 3595 exprimeret,

238 3615 335 3693 Diego
356 3614 456 3674 Mexia
477 3614 630 3686 Limensis,
652 3632 750 3692 aquo
772 3616 833 3675 Ibis
856 3614 1018 3692 Hispanice
1039 3633 1123 3674 uersa
1142 3614 1250 3690 prodiit
1271 3612 1389 3689 Hispali

243 3713 327 3768 1608.

279 3803 441 3879 §Tandem
468 3803 499 3860 in
525 3801 693 3879 Delphinati
722 3801 833 3862 Galliae
861 3820 933 3879 agro
961 3810 1078 3861 exortus
1106 3809 1151 3859 est
1178 3800 1222 3858 uir
1249 3799 1388 3876 singulari

272 3939 289 3974 *
306 3938 367 3986 Ouid
384 3937 419 3986 bit
434 3937 548 3987 invective
564 3938 654 4002 against
672 3939 726 3986 Ibis.
759 3938 895 3986 Translated
915 3938 966 3985 into
983 3935 1079 4001 English
1099 3936 1197 3991 Meeter,
1216 3933 1349 3983 whereunto
1369 3937 1388 3983 is

239 4005 313 4052 added
323 4006 355 4066 by
366 4003 408 4052 the
418 4004 559 4065 Translator,
571 4019 586 4050 a
601 4003 666 4052 short
682 4002 781 4068 dranght
796 4005 824 4051 of
838 4004 867 4050 all
880 4003 920 4051 the
931 4003 1012 4050 ttories
1023 4003 1069 4050 and
1080 4001 1137 4048 tales
1149 4001 1279 4062 contayned
1291 3999 1388 4058 therein,

239 4085 295 4131 very
305 4071 409 4131 pleasant
419 4079 445 4116 to
456 4072 485 4118 be
496 4071 558 4116 read.

271 4135 291 4190 l·
308 4135 406 4198 Legerat
420 4134 458 4184 hic
471 4135 523 4181 lbin
538 4143 564 4182 nt
575 4134 659 4182 docent
670 4149 747 4182 uenus
759 4133 807 4181 eius
818 4133 983 4181 Tamburlaine
995 4133 1026 4182 iv.
1039 4145 1054 4194 3
1069 4131 1092 4179 A
1106 4132 1189 4179 sacred
1197 4147 1247 4181 νοιο
1258 4141 1281 4180 to
1292 4132 1388 4181 Heaam

239 4201 289 4248 aad
298 4201 347 4249 lu'm
356 4201 374 4247 I
383 4201 449 4249 malta
461 4200 609 4264 confirming
619 4200 639 4246 it
647 4201 702 4248 witlt
713 4197 769 4247 ltts'
781 4199 835 4259 hely
845 4215 920 4248 name.

272 4267 289 4323 ss
304 4267 367 4313 Now
377 4265 413 4314 all
422 4265 459 4313 the
470 4281 528 4312 woet
539 4265 589 4312 that
600 4265 663 4313 ovid
673 4267 697 4313 in
708 4265 762 4312 [tta
775 4265 828 4312 Into
844 4265 879 4312 his
892 4272 968 4328 pretty
978 4263 1036 4312 little
1047 4262 1103 4310 book
1114 4263 1158 4310 did
1169 4263 1242 4319 write,
1254 4273 1299 4312 etc.
1335 4264 1387 4311 Hoc

240 4330 298 4379 mihi
310 4331 419 4378 indicauit
430 4331 517 4378 amicus
529 4331 675 4387 Balliolensis,
687 4331 726 4377 W.
738 4331 769 4378 ll.
781 4331 873 4378 Forbes.

275 4401 288 4454 §
306 4397 342 4444 De
358 4397 407 4443 uita
424 4396 539 4459 Saluagnii
555 4397 633 4443 omnia
649 4396 741 4459 collegit
757 4396 864 4442 Alfredus
878 4396 907 4442 de
918 4394 1055 4442 Terrebasse
1072 4395 1096 4441 in
1113 4395 1189 4441 libello
1203 4395 1266 4442 edito
1281 4394 1388 4458 Lugduni

243 4460 312 4523 1850.
347 4461 455 4508 Relation
471 4463 510 4508 des
527 4462 660 4522 principaux
676 4462 825 4508 avbnements
841 4459 871 4507 de
887 4460 909 4508 la
921 4461 957 4508 vie
969 4461 996 4508 de
1008 4461 1115 4524 Salvaing
1126 4461 1154 4507 de
1166 4460 1275 4515 Boiatieu,
1287 4461 1388 4506 Premier

239 4527 357 4575 President
368 4541 397 4574 en
409 4527 430 4574 la
442 4525 558 4574 chambre
569 4527 609 4573 des
620 4527 731 4587 Comptet
742 4527 771 4574 de
782 4525 912 4586 Dauphind.
