<?xml version="1.0" encoding="UTF-8"?>
<!DOCTYPE html PUBLIC "-//W3C//DTD XHTML 1.0 Transitional//EN"
    "http://www.w3.org/TR/xhtml1/DTD/xhtml1-transitional.dtd">
<html xmlns="http://www.w3.org/1999/xhtml" xml:lang="en" lang="en">
 <head>
  <title>
</title>
<meta http-equiv="Content-Type" content="text/html;charset=utf-8" />
  <meta name='ocr-system' content='tesseract 3.04.00' />
  <meta name='ocr-capabilities' content='ocr_page ocr_carea ocr_par ocr_line ocrx_word'/>
</head>
<body>
  <div class='ocr_page' id='page_1' title='image "./povidiinasonisi01elligoog_0046.png"; bbox 0 0 3294 5214; ppageno 0'>
   <div class='ocr_carea' id='block_1_1' title="bbox 622 446 1360 547">
    <p class='ocr_par' dir='ltr' id='par_1_1' title="bbox 622 446 1360 547">
     <span class='ocr_line' id='line_1_1' title="bbox 622 446 1360 547; baseline -0.003 -2"><span class='ocrx_word' id='word_1_1' title='bbox 622 486 950 547; x_wconf 76' lang='lat' dir='ltr'>raonnoorrnun.</span> <span class='ocrx_word' id='word_1_2' title='bbox 993 446 998 452; x_wconf 59' lang='grc'><em>’</em></span> <span class='ocrx_word' id='word_1_3' title='bbox 1321 483 1360 544; x_wconf 75' lang='grc' dir='ltr'>αι</span> 
     </span>
    </p>
   </div>
   <div class='ocr_carea' id='block_1_2' title="bbox 209 644 1361 2190">
    <p class='ocr_par' dir='ltr' id='par_1_2' title="bbox 209 644 1361 2190">
     <span class='ocr_line' id='line_1_2' title="bbox 209 644 1360 723; baseline -0.004 -15"><span class='ocrx_word' id='word_1_4' title='bbox 209 649 261 708; x_wconf 93' lang='lat' dir='ltr'>ubi</span> <span class='ocrx_word' id='word_1_5' title='bbox 280 647 415 706; x_wconf 92' lang='lat' dir='ltr'>ludorum</span> <span class='ocrx_word' id='word_1_6' title='bbox 434 647 560 723; x_wconf 84' lang='lat' dir='ltr'>origines</span> <span class='ocrx_word' id='word_1_7' title='bbox 578 646 774 707; x_wconf 82' lang='lat' dir='ltr'>Callimachus</span> <span class='ocrx_word' id='word_1_8' title='bbox 793 665 925 706; x_wconf 87' lang='lat' dir='ltr'>narrasse</span> <span class='ocrx_word' id='word_1_9' title='bbox 942 647 1067 706; x_wconf 89' lang='lat' dir='ltr'>creditur</span> <span class='ocrx_word' id='word_1_10' title='bbox 1085 665 1103 705; x_wconf 93' lang='lat' dir='ltr'>a</span> <span class='ocrx_word' id='word_1_11' title='bbox 1120 644 1311 721; x_wconf 90' lang='lat' dir='ltr'>Bernhardyo</span> <span class='ocrx_word' id='word_1_12' title='bbox 1330 654 1360 704; x_wconf 92' lang='lat' dir='ltr'>et</span> 
     </span>
     <span class='ocr_line' id='line_1_3' title="bbox 211 726 1360 805; baseline -0.004 -16"><span class='ocrx_word' id='word_1_13' title='bbox 211 729 398 800; x_wconf 89' lang='lat' dir='ltr'>Schneidero,</span> <span class='ocrx_word' id='word_1_14' title='bbox 417 729 510 805; x_wconf 92' lang='lat' dir='ltr'>potuit</span> <span class='ocrx_word' id='word_1_15' title='bbox 531 729 567 787; x_wconf 90' lang='lat' dir='ltr'>de</span> <span class='ocrx_word' id='word_1_16' title='bbox 584 727 704 789; x_wconf 90' lang='lat' dir='ltr'>Nemeis</span> <span class='ocrx_word' id='word_1_17' title='bbox 723 729 845 805; x_wconf 89' lang='lat' dir='ltr'>loquens</span> <span class='ocrx_word' id='word_1_18' title='bbox 864 729 1045 787; x_wconf 86' lang='lat' dir='ltr'><strong>mentionem</strong></span> <span class='ocrx_word' id='word_1_19' title='bbox 1066 728 1172 786; x_wconf 87' lang='lat' dir='ltr'>inicere</span> <span class='ocrx_word' id='word_1_20' title='bbox 1188 726 1360 785; x_wconf 85' lang='lat' dir='ltr'>Archemori</span> 
     </span>
     <span class='ocr_line' id='line_1_4' title="bbox 212 805 1360 888; baseline -0.003 -20"><span class='ocrx_word' id='word_1_21' title='bbox 212 811 269 883; x_wconf 87' lang='lat' dir='ltr'>(lb.</span> <span class='ocrx_word' id='word_1_22' title='bbox 293 808 381 888; x_wconf 82' lang='lat'>483);</span> <span class='ocrx_word' id='word_1_23' title='bbox 413 810 450 868; x_wconf 92' lang='lat' dir='ltr'>de</span> <span class='ocrx_word' id='word_1_24' title='bbox 474 809 611 881; x_wconf 91' lang='lat' dir='ltr'>Isthmiis‚</span> <span class='ocrx_word' id='word_1_25' title='bbox 635 810 707 869; x_wconf 87' lang='lat' dir='ltr'>Inus</span> <span class='ocrx_word' id='word_1_26' title='bbox 732 820 761 868; x_wconf 91' lang='lat' dir='ltr'>et</span> <span class='ocrx_word' id='word_1_27' title='bbox 785 809 952 869; x_wconf 92' lang='lat' dir='ltr'>Melicertae</span> <span class='ocrx_word' id='word_1_28' title='bbox 973 807 1030 886; x_wconf 90' lang='lat' dir='ltr'>(lb.</span> <span class='ocrx_word' id='word_1_29' title='bbox 1053 805 1144 887; x_wconf 83' lang='lat'>497);</span> <span class='ocrx_word' id='word_1_30' title='bbox 1174 808 1210 867; x_wconf 93' lang='lat' dir='ltr'>de</span> <span class='ocrx_word' id='word_1_31' title='bbox 1231 808 1360 883; x_wconf 89' lang='lat' dir='ltr'>Argiuis,</span> 
     </span>
     <span class='ocr_line' id='line_1_5' title="bbox 211 888 1361 970; baseline -0.004 -19"><span class='ocrx_word' id='word_1_32' title='bbox 211 891 314 951; x_wconf 85' lang='lat' dir='ltr'>Glauci</span> <span class='ocrx_word' id='word_1_33' title='bbox 330 892 494 950; x_wconf 88' lang='lat' dir='ltr'>Potniensis</span> <span class='ocrx_word' id='word_1_34' title='bbox 509 889 565 967; x_wconf 94' lang='lat' dir='ltr'>(Ib.</span> <span class='ocrx_word' id='word_1_35' title='bbox 582 889 662 969; x_wconf 82' lang='lat'>555),</span> <span class='ocrx_word' id='word_1_36' title='bbox 677 891 844 950; x_wconf 90' lang='lat' dir='ltr'>Danaidum</span> <span class='ocrx_word' id='word_1_37' title='bbox 856 888 951 970; x_wconf 91' lang='grc'>(355),</span> <span class='ocrx_word' id='word_1_38' title='bbox 967 890 1137 949; x_wconf 85' lang='lat' dir='ltr'><strong>Psamathes</strong></span> <span class='ocrx_word' id='word_1_39' title='bbox 1151 889 1217 948; x_wconf 90' lang='lat' dir='ltr'>Lini</span> <span class='ocrx_word' id='word_1_40' title='bbox 1232 888 1361 948; x_wconf 85' lang='lat' dir='ltr'>Coroebi</span> 
     </span>
     <span class='ocr_line' id='line_1_6' title="bbox 210 969 1359 1052; baseline -0.002 -22"><span class='ocrx_word' id='word_1_41' title='bbox 210 973 268 1052; x_wconf 89' lang='lat' dir='ltr'>(Ib.</span> <span class='ocrx_word' id='word_1_42' title='bbox 291 986 359 1047; x_wconf 83' lang='lat'>573,</span> <span class='ocrx_word' id='word_1_43' title='bbox 383 976 451 1045; x_wconf 89' lang='lat'>480,</span> <span class='ocrx_word' id='word_1_44' title='bbox 475 969 556 1049; x_wconf 84' lang='lat'>575),</span> <span class='ocrx_word' id='word_1_45' title='bbox 578 973 614 1031; x_wconf 93' lang='lat' dir='ltr'>de</span> <span class='ocrx_word' id='word_1_46' title='bbox 635 973 761 1045; x_wconf 88' lang='lat' dir='ltr'>Troicis,</span> <span class='ocrx_word' id='word_1_47' title='bbox 782 972 908 1031; x_wconf 82' lang='lat' dir='ltr'>Patrocli</span> <span class='ocrx_word' id='word_1_48' title='bbox 929 971 986 1052; x_wconf 81' lang='lat' dir='ltr'>(lb.</span> <span class='ocrx_word' id='word_1_49' title='bbox 1009 971 1090 1050; x_wconf 91' lang='grc'>375).</span> <span class='ocrx_word' id='word_1_50' title='bbox 1134 971 1214 1029; x_wconf 93' lang='lat' dir='ltr'>Nolo</span> <span class='ocrx_word' id='word_1_51' title='bbox 1236 971 1359 1028; x_wconf 91' lang='lat' dir='ltr'>nimium</span> 
     </span>
     <span class='ocr_line' id='line_1_7' title="bbox 209 1052 1359 1130; baseline -0.001 -19"><span class='ocrx_word' id='word_1_52' title='bbox 209 1055 340 1113; x_wconf 88' lang='lat' dir='ltr'>insistere</span> <span class='ocrx_word' id='word_1_53' title='bbox 354 1054 498 1130; x_wconf 85' lang='lat' dir='ltr'>ambiguis</span> <span class='ocrx_word' id='word_1_54' title='bbox 506 1073 514 1126; x_wconf 91' lang='lat'>;</span> <span class='ocrx_word' id='word_1_55' title='bbox 536 1071 591 1112; x_wconf 90' lang='lat' dir='ltr'>nec</span> <span class='ocrx_word' id='word_1_56' title='bbox 605 1071 672 1112; x_wconf 92' lang='lat' dir='ltr'>cum</span> <span class='ocrx_word' id='word_1_57' title='bbox 684 1053 863 1114; x_wconf 90' lang='lat' dir='ltr'>Schneidero</span> <span class='ocrx_word' id='word_1_58' title='bbox 878 1056 1033 1125; x_wconf 75' lang='grc' dir='ltr'>ἀεροβατιῖν.</span> <span class='ocrx_word' id='word_1_59' title='bbox 1067 1052 1143 1112; x_wconf 86' lang='lat' dir='ltr'>Satis</span> <span class='ocrx_word' id='word_1_60' title='bbox 1157 1062 1256 1110; x_wconf 89' lang='lat' dir='ltr'>tamen</span> <span class='ocrx_word' id='word_1_61' title='bbox 1271 1053 1359 1110; x_wconf 90' lang='lat' dir='ltr'>etiam</span> 
     </span>
     <span class='ocr_line' id='line_1_8' title="bbox 211 1134 1359 1212; baseline -0.003 -18"><span class='ocrx_word' id='word_1_62' title='bbox 211 1154 247 1194; x_wconf 90' lang='lat' dir='ltr'>ex</span> <span class='ocrx_word' id='word_1_63' title='bbox 275 1135 364 1192; x_wconf 90' lang='lat' dir='ltr'>Anth.</span> <span class='ocrx_word' id='word_1_64' title='bbox 390 1135 423 1194; x_wconf 92' lang='lat' dir='ltr'>P.</span> <span class='ocrx_word' id='word_1_65' title='bbox 444 1135 490 1193; x_wconf 89' lang='lat' dir='ltr'>vii.</span> <span class='ocrx_word' id='word_1_66' title='bbox 516 1153 552 1207; x_wconf 81' lang='lat'>42</span> <span class='ocrx_word' id='word_1_67' title='bbox 581 1135 738 1194; x_wconf 89' lang='lat' dir='ltr'>edocemur</span> <span class='ocrx_word' id='word_1_68' title='bbox 763 1146 833 1212; x_wconf 93' lang='lat' dir='ltr'>quot</span> <span class='ocrx_word' id='word_1_69' title='bbox 860 1135 977 1211; x_wconf 85' lang='lat' dir='ltr'>mythos</span> <span class='ocrx_word' id='word_1_70' title='bbox 1005 1134 1231 1212; x_wconf 89' lang='lat' dir='ltr'>mythorumque</span> <span class='ocrx_word' id='word_1_71' title='bbox 1255 1150 1359 1193; x_wconf 85' lang='lat' dir='ltr'>causas</span> 
     </span>
     <span class='ocr_line' id='line_1_9' title="bbox 209 1216 757 1276; baseline -0.002 -1"><span class='ocrx_word' id='word_1_72' title='bbox 209 1217 300 1276; x_wconf 89' lang='lat' dir='ltr'>Aetiis</span> <span class='ocrx_word' id='word_1_73' title='bbox 314 1217 374 1276; x_wconf 90' lang='lat' dir='ltr'>suis</span> <span class='ocrx_word' id='word_1_74' title='bbox 388 1216 584 1275; x_wconf 88' lang='lat' dir='ltr'>Callimachus</span> <span class='ocrx_word' id='word_1_75' title='bbox 597 1216 757 1275; x_wconf 86' lang='lat' dir='ltr'>intexuerit.</span> 
     </span>
     <span class='ocr_line' id='line_1_10' title="bbox 412 1296 1206 1372; baseline 0 -19"><span class='ocrx_word' id='word_1_76' title='bbox 412 1303 475 1353; x_wconf 88' lang='grc' dir='ltr'>Τοῖα</span> <span class='ocrx_word' id='word_1_77' title='bbox 494 1301 544 1372; x_wconf 83' lang='grc' dir='ltr'>γὰρ</span> <span class='ocrx_word' id='word_1_78' title='bbox 565 1299 642 1369; x_wconf 77' lang='grc' dir='ltr'>ἄμμιν</span> <span class='ocrx_word' id='word_1_79' title='bbox 662 1301 765 1372; x_wconf 71' lang='grc' dir='ltr'>ἔφανας,</span> <span class='ocrx_word' id='word_1_80' title='bbox 787 1300 803 1353; x_wconf 83' lang='grc' dir='ltr'>ἅ</span> <span class='ocrx_word' id='word_1_81' title='bbox 823 1297 846 1353; x_wconf 78' lang='grc' dir='ltr'>τ’</span> <span class='ocrx_word' id='word_1_82' title='bbox 866 1299 896 1354; x_wconf 77' lang='grc' dir='ltr'>οὗ</span> <span class='ocrx_word' id='word_1_83' title='bbox 916 1301 998 1371; x_wconf 83' lang='grc' dir='ltr'>πάρος</span> <span class='ocrx_word' id='word_1_84' title='bbox 1018 1298 1103 1370; x_wconf 79' lang='grc' dir='ltr'><strong><em>ἀνέρες</em></strong></span> <span class='ocrx_word' id='word_1_85' title='bbox 1124 1296 1206 1368; x_wconf 81' lang='grc' dir='ltr'>ἴδμεν,</span> 
     </span>
     <span class='ocr_line' id='line_1_11' title="bbox 454 1379 1037 1452; baseline 0.003 -19"><span class='ocrx_word' id='word_1_86' title='bbox 454 1380 537 1451; x_wconf 86' lang='grc' dir='ltr'>Ἀμφί</span> <span class='ocrx_word' id='word_1_87' title='bbox 558 1403 586 1436; x_wconf 84' lang='grc' dir='ltr'>τε</span> <span class='ocrx_word' id='word_1_88' title='bbox 606 1381 753 1451; x_wconf 76' lang='grc' dir='ltr'>ἀθανάτους,</span> <span class='ocrx_word' id='word_1_89' title='bbox 774 1379 842 1452; x_wconf 83' lang='grc' dir='ltr'>ἀμφί</span> <span class='ocrx_word' id='word_1_90' title='bbox 861 1403 891 1435; x_wconf 83' lang='grc' dir='ltr'>τε</span> <span class='ocrx_word' id='word_1_91' title='bbox 911 1379 1037 1450; x_wconf 73' lang='grc' dir='ltr'>ἡμιθέους,</span> 
     </span>
     <span class='ocr_line' id='line_1_12' title="bbox 414 1459 1045 1533; baseline 0.003 -19"><span class='ocrx_word' id='word_1_92' title='bbox 414 1459 482 1515; x_wconf 78' lang='lat' dir='ltr'>Et’rre&#39;</span> <span class='ocrx_word' id='word_1_93' title='bbox 499 1484 544 1531; x_wconf 92' lang='grc' dir='ltr'>μιν</span> <span class='ocrx_word' id='word_1_94' title='bbox 564 1463 592 1517; x_wconf 74' lang='grc' dir='ltr'>ἐκ</span> <span class='ocrx_word' id='word_1_95' title='bbox 613 1459 709 1530; x_wconf 73' lang='grc' dir='ltr'>Λιβύης</span> <span class='ocrx_word' id='word_1_96' title='bbox 729 1462 845 1533; x_wconf 74' lang='grc' dir='ltr'>ἀναείρας</span> <span class='ocrx_word' id='word_1_97' title='bbox 865 1461 901 1518; x_wconf 79' lang='grc' dir='ltr'>είς</span> <span class='ocrx_word' id='word_1_98' title='bbox 920 1461 1045 1516; x_wconf 77' lang='grc' dir='ltr'>Ἑλικῶνα</span> 
     </span>
     <span class='ocr_line' id='line_1_13' title="bbox 446 1541 1024 1616; baseline -0.002 -20"><span class='ocrx_word' id='word_1_99' title='bbox 446 1541 566 1616; x_wconf 77' lang='lat' dir='ltr'>&#39;&#39;Hyoyes</span> <span class='ocrx_word' id='word_1_100' title='bbox 585 1544 612 1598; x_wconf 80' lang='grc' dir='ltr'>ἒν</span> <span class='ocrx_word' id='word_1_101' title='bbox 631 1542 742 1612; x_wconf 76' lang='grc' dir='ltr'>μέσσαις</span> <span class='ocrx_word' id='word_1_102' title='bbox 762 1544 914 1615; x_wconf 80' lang='grc' dir='ltr'>Πιερίδεσσι</span> <span class='ocrx_word' id='word_1_103' title='bbox 927 1542 1024 1614; x_wconf 79' lang='grc' dir='ltr'>φέρων,</span> 
     </span>
     <span class='ocr_line' id='line_1_14' title="bbox 413 1623 1004 1698; baseline 0.003 -21"><span class='ocrx_word' id='word_1_104' title='bbox 413 1626 446 1678; x_wconf 86' lang='lat' dir='ltr'>Al</span> <span class='ocrx_word' id='word_1_105' title='bbox 466 1623 495 1678; x_wconf 75' lang='grc' dir='ltr'>δὲ</span> <span class='ocrx_word' id='word_1_106' title='bbox 516 1627 541 1678; x_wconf 86' lang='lat' dir='ltr'>ol</span> <span class='ocrx_word' id='word_1_107' title='bbox 561 1623 681 1698; x_wconf 83' lang='grc' dir='ltr'>είμαμένιρ</span> <span class='ocrx_word' id='word_1_108' title='bbox 701 1625 764 1697; x_wconf 78' lang='grc' dir='ltr'>ἀμφ’</span> <span class='ocrx_word' id='word_1_109' title='bbox 781 1625 897 1696; x_wconf 76' lang='grc' dir='ltr'>ὠγυγίαν</span> <span class='ocrx_word' id='word_1_110' title='bbox 916 1624 1004 1694; x_wconf 79' lang='grc' dir='ltr'>ἡρώων</span> 
     </span>
     <span class='ocr_line' id='line_1_15' title="bbox 455 1701 1005 1778; baseline 0.005 -19"><span class='ocrx_word' id='word_1_111' title='bbox 455 1703 529 1759; x_wconf 84' lang='grc' dir='ltr'>Α’ίτια</span> <span class='ocrx_word' id='word_1_112' title='bbox 549 1707 589 1760; x_wconf 84' lang='grc' dir='ltr'>καὶ</span> <span class='ocrx_word' id='word_1_113' title='bbox 608 1707 727 1775; x_wconf 85' lang='grc' dir='ltr'>μακάρων</span> <span class='ocrx_word' id='word_1_114' title='bbox 747 1701 815 1778; x_wconf 83' lang='grc' dir='ltr'>εἶρον</span> <span class='ocrx_word' id='word_1_115' title='bbox 835 1705 1005 1775; x_wconf 75' lang='grc' dir='ltr'>ἀμειβόμεναι.</span> 
     </span>
     <span class='ocr_line' id='line_1_16' title="bbox 251 1783 1359 1860; baseline 0.002 -16"><span class='ocrx_word' id='word_1_116' title='bbox 251 1785 315 1844; x_wconf 91' lang='lat' dir='ltr'>lam</span> <span class='ocrx_word' id='word_1_117' title='bbox 331 1786 355 1844; x_wconf 89' lang='lat' dir='ltr'>si</span> <span class='ocrx_word' id='word_1_118' title='bbox 369 1803 437 1844; x_wconf 88' lang='lat' dir='ltr'>curn</span> <span class='ocrx_word' id='word_1_119' title='bbox 452 1785 535 1844; x_wconf 92' lang='lat' dir='ltr'>lbide</span> <span class='ocrx_word' id='word_1_120' title='bbox 550 1783 684 1844; x_wconf 85' lang='lat' dir='ltr'>conseras</span> <span class='ocrx_word' id='word_1_121' title='bbox 696 1785 803 1844; x_wconf 89' lang='lat' dir='ltr'>Tristia</span> <span class='ocrx_word' id='word_1_122' title='bbox 817 1794 846 1843; x_wconf 94' lang='lat' dir='ltr'>et</span> <span class='ocrx_word' id='word_1_123' title='bbox 860 1784 1005 1860; x_wconf 88' lang='lat' dir='ltr'>Epistulas</span> <span class='ocrx_word' id='word_1_124' title='bbox 1017 1804 1052 1844; x_wconf 86' lang='lat' dir='ltr'>ex</span> <span class='ocrx_word' id='word_1_125' title='bbox 1068 1784 1173 1854; x_wconf 91' lang='lat' dir='ltr'>Ponto,</span> <span class='ocrx_word' id='word_1_126' title='bbox 1185 1802 1359 1846; x_wconf 90' lang='lat' dir='ltr'>communes</span> 
     </span>
     <span class='ocr_line' id='line_1_17' title="bbox 211 1865 1360 1945; baseline 0.002 -20"><span class='ocrx_word' id='word_1_127' title='bbox 211 1885 278 1926; x_wconf 91' lang='lat' dir='ltr'>cum</span> <span class='ocrx_word' id='word_1_128' title='bbox 297 1866 353 1926; x_wconf 90' lang='lat' dir='ltr'>hac</span> <span class='ocrx_word' id='word_1_129' title='bbox 373 1876 465 1925; x_wconf 89' lang='lat' dir='ltr'>certas</span> <span class='ocrx_word' id='word_1_130' title='bbox 480 1866 623 1943; x_wconf 90' lang='lat' dir='ltr'>quasdam</span> <span class='ocrx_word' id='word_1_131' title='bbox 645 1867 776 1925; x_wconf 90' lang='lat' dir='ltr'>inuenies</span> <span class='ocrx_word' id='word_1_132' title='bbox 797 1865 915 1937; x_wconf 83' lang='lat' dir='ltr'>fabulas,</span> <span class='ocrx_word' id='word_1_133' title='bbox 933 1876 964 1925; x_wconf 93' lang='lat' dir='ltr'>ut</span> <span class='ocrx_word' id='word_1_134' title='bbox 983 1868 1019 1926; x_wconf 92' lang='lat' dir='ltr'>de</span> <span class='ocrx_word' id='word_1_135' title='bbox 1038 1866 1163 1943; x_wconf 90' lang='lat' dir='ltr'>Telephi</span> <span class='ocrx_word' id='word_1_136' title='bbox 1184 1866 1267 1926; x_wconf 90' lang='lat' dir='ltr'>hasta</span> <span class='ocrx_word' id='word_1_137' title='bbox 1285 1887 1360 1945; x_wconf 90' lang='lat' dir='ltr'>quae</span> 
     </span>
     <span class='ocr_line' id='line_1_18' title="bbox 209 1946 1358 2027; baseline 0.002 -21"><span class='ocrx_word' id='word_1_138' title='bbox 209 1947 353 2007; x_wconf 90' lang='lat' dir='ltr'>Achillem</span> <span class='ocrx_word' id='word_1_139' title='bbox 369 1949 473 2007; x_wconf 90' lang='lat' dir='ltr'>eadem</span> <span class='ocrx_word' id='word_1_140' title='bbox 486 1947 649 2006; x_wconf 89' lang='lat' dir='ltr'>uulnerauit</span> <span class='ocrx_word' id='word_1_141' title='bbox 663 1956 692 2005; x_wconf 91' lang='lat' dir='ltr'>et</span> <span class='ocrx_word' id='word_1_142' title='bbox 706 1949 818 2007; x_wconf 88' lang='lat' dir='ltr'>sanauit</span> <span class='ocrx_word' id='word_1_143' title='bbox 832 1946 887 2027; x_wconf 81' lang='lat' dir='ltr'>(lb.</span> <span class='ocrx_word' id='word_1_144' title='bbox 900 1962 967 2022; x_wconf 82' lang='lat'>255,</span> <span class='ocrx_word' id='word_1_145' title='bbox 979 1948 1067 2008; x_wconf 88' lang='lat' dir='ltr'>Trist.</span> <span class='ocrx_word' id='word_1_146' title='bbox 1079 1949 1097 2006; x_wconf 90' lang='lat' dir='ltr'>i.</span> <span class='ocrx_word' id='word_1_147' title='bbox 1114 1968 1137 2007; x_wconf 96' lang='lat'>1.</span> <span class='ocrx_word' id='word_1_148' title='bbox 1150 1969 1198 2024; x_wconf 90' lang='lat'>99,</span> <span class='ocrx_word' id='word_1_149' title='bbox 1208 1950 1235 2008; x_wconf 95' lang='lat' dir='ltr'>ii.</span> <span class='ocrx_word' id='word_1_150' title='bbox 1252 1968 1296 2024; x_wconf 89' lang='lat'>19,</span> <span class='ocrx_word' id='word_1_151' title='bbox 1312 1968 1358 2021; x_wconf 79' lang='grc' dir='ltr'>αα,</span> 
     </span>
     <span class='ocr_line' id='line_1_19' title="bbox 210 2027 1359 2108; baseline 0.002 -21"><span class='ocrx_word' id='word_1_152' title='bbox 210 2029 294 2090; x_wconf 88' lang='lat' dir='ltr'>Pont.</span> <span class='ocrx_word' id='word_1_153' title='bbox 314 2030 342 2087; x_wconf 93' lang='lat' dir='ltr'>ii.</span> <span class='ocrx_word' id='word_1_154' title='bbox 365 2048 391 2087; x_wconf 86' lang='lat' dir='ltr'>a.</span> <span class='ocrx_word' id='word_1_155' title='bbox 414 2029 473 2108; x_wconf 87' lang='lat'>26),</span> <span class='ocrx_word' id='word_1_156' title='bbox 495 2029 532 2088; x_wconf 93' lang='lat' dir='ltr'>de</span> <span class='ocrx_word' id='word_1_157' title='bbox 553 2027 694 2099; x_wconf 83' lang='lat' dir='ltr'>Busiride,</span> <span class='ocrx_word' id='word_1_158' title='bbox 714 2028 881 2105; x_wconf 85' lang='lat' dir='ltr'>Antiphate‚</span> <span class='ocrx_word' id='word_1_159' title='bbox 905 2028 1099 2101; x_wconf 86' lang='lat' dir='ltr'>Cassandre0,</span> <span class='ocrx_word' id='word_1_160' title='bbox 1116 2031 1200 2090; x_wconf 87' lang='lat' dir='ltr'>Alex.</span> <span class='ocrx_word' id='word_1_161' title='bbox 1218 2030 1359 2101; x_wconf 89' lang='lat' dir='ltr'>Pheraeo,</span> 
     </span>
     <span class='ocr_line' id='line_1_20' title="bbox 211 2109 1359 2190; baseline 0.003 -22"><span class='ocrx_word' id='word_1_162' title='bbox 211 2109 369 2182; x_wconf 88' lang='lat' dir='ltr'>Phalaride,</span> <span class='ocrx_word' id='word_1_163' title='bbox 394 2110 642 2182; x_wconf 89' lang='lat' dir='ltr'>Theromedonte,</span> <span class='ocrx_word' id='word_1_164' title='bbox 662 2111 762 2179; x_wconf 91' lang='lat' dir='ltr'>Atreo,</span> <span class='ocrx_word' id='word_1_165' title='bbox 783 2110 929 2170; x_wconf 89' lang='lat' dir='ltr'>Diomede</span> <span class='ocrx_word' id='word_1_166' title='bbox 948 2110 1044 2190; x_wconf 84' lang='lat' dir='ltr'>(Pont.</span> <span class='ocrx_word' id='word_1_167' title='bbox 1062 2111 1100 2170; x_wconf 92' lang='lat' dir='ltr'>iii.</span> <span class='ocrx_word' id='word_1_168' title='bbox 1115 2113 1141 2170; x_wconf 89' lang='lat'>6.</span> <span class='ocrx_word' id='word_1_169' title='bbox 1159 2131 1267 2184; x_wconf 80' lang='lat'>41-44,</span> <span class='ocrx_word' id='word_1_170' title='bbox 1287 2112 1314 2170; x_wconf 93' lang='lat' dir='ltr'>ii.</span> <span class='ocrx_word' id='word_1_171' title='bbox 1331 2132 1359 2188; x_wconf 88' lang='lat'>9.</span> 
     </span>
    </p>
   </div>
   <div class='ocr_carea' id='block_1_3' title="bbox 112 2189 1359 2270">
    <p class='ocr_par' dir='ltr' id='par_1_3' title="bbox 112 2189 1359 2270">
     <span class='ocr_line' id='line_1_21' title="bbox 112 2189 1359 2270; baseline 0.001 -20"><span class='ocrx_word' id='word_1_172' title='bbox 112 2227 116 2232; x_wconf 94' lang='lat'>-</span> <span class='ocrx_word' id='word_1_173' title='bbox 211 2210 321 2264; x_wconf 88' lang='lat'>41-44,</span> <span class='ocrx_word' id='word_1_174' title='bbox 339 2192 357 2250; x_wconf 90' lang='lat' dir='ltr'>i.</span> <span class='ocrx_word' id='word_1_175' title='bbox 376 2211 402 2250; x_wconf 86' lang='lat'>2.</span> <span class='ocrx_word' id='word_1_176' title='bbox 419 2189 470 2268; x_wconf 96' lang='grc'>53)</span> <span class='ocrx_word' id='word_1_177' title='bbox 488 2192 525 2250; x_wconf 89' lang='lat' dir='ltr'>de</span> <span class='ocrx_word' id='word_1_178' title='bbox 544 2191 695 2250; x_wconf 86' lang='lat' dir='ltr'>Encelado</span> <span class='ocrx_word' id='word_1_179' title='bbox 717 2193 771 2251; x_wconf 89' lang='lat' dir='ltr'>sub</span> <span class='ocrx_word' id='word_1_180' title='bbox 789 2193 885 2251; x_wconf 86' lang='lat' dir='ltr'>Aetna</span> <span class='ocrx_word' id='word_1_181' title='bbox 906 2191 1046 2270; x_wconf 83' lang='lat' dir='ltr'>sepulto*</span> <span class='ocrx_word' id='word_1_182' title='bbox 1063 2189 1122 2270; x_wconf 93' lang='lat' dir='ltr'>(Ib.</span> <span class='ocrx_word' id='word_1_183' title='bbox 1138 2207 1206 2268; x_wconf 87' lang='grc'>597,</span> <span class='ocrx_word' id='word_1_184' title='bbox 1229 2193 1312 2252; x_wconf 91' lang='lat' dir='ltr'>Pont.</span> <span class='ocrx_word' id='word_1_185' title='bbox 1331 2194 1359 2252; x_wconf 92' lang='lat' dir='ltr'>ii.</span> 
     </span>
    </p>
   </div>
   <div class='ocr_carea' id='block_1_4' title="bbox 134 2271 1425 3975">
    <p class='ocr_par' dir='ltr' id='par_1_4' title="bbox 134 2271 1360 2514">
     <span class='ocr_line' id='line_1_22' title="bbox 213 2271 1359 2351; baseline 0.001 -19"><span class='ocrx_word' id='word_1_186' title='bbox 213 2292 259 2332; x_wconf 90' lang='lat'>10.</span> <span class='ocrx_word' id='word_1_187' title='bbox 277 2271 337 2351; x_wconf 80' lang='lat'>24),</span> <span class='ocrx_word' id='word_1_188' title='bbox 352 2273 389 2332; x_wconf 92' lang='lat' dir='ltr'>de</span> <span class='ocrx_word' id='word_1_189' title='bbox 406 2273 532 2332; x_wconf 86' lang='lat' dir='ltr'>flammis</span> <span class='ocrx_word' id='word_1_190' title='bbox 550 2273 580 2329; x_wconf 94' lang='lat' dir='ltr'>in</span> <span class='ocrx_word' id='word_1_191' title='bbox 598 2291 648 2331; x_wconf 90' lang='lat' dir='ltr'>ara</span> <span class='ocrx_word' id='word_1_192' title='bbox 661 2271 789 2332; x_wconf 90' lang='lat' dir='ltr'>Eteoclis</span> <span class='ocrx_word' id='word_1_193' title='bbox 804 2282 833 2332; x_wconf 93' lang='lat' dir='ltr'>et</span> <span class='ocrx_word' id='word_1_194' title='bbox 847 2272 992 2349; x_wconf 92' lang='lat' dir='ltr'>Polynicis</span> <span class='ocrx_word' id='word_1_195' title='bbox 1012 2291 1173 2349; x_wconf 86' lang='lat' dir='ltr'>numquam</span> <span class='ocrx_word' id='word_1_196' title='bbox 1188 2275 1359 2333; x_wconf 90' lang='lat' dir='ltr'>coeuntibus</span> 
     </span>
     <span class='ocr_line' id='line_1_23' title="bbox 134 2347 1360 2432; baseline 0.002 -20"><span class='ocrx_word' id='word_1_197' title='bbox 134 2347 139 2357; x_wconf 73' lang='grc'><strong>’</strong></span> <span class='ocrx_word' id='word_1_198' title='bbox 211 2351 267 2432; x_wconf 91' lang='lat' dir='ltr'>(lb.</span> <span class='ocrx_word' id='word_1_199' title='bbox 283 2369 331 2429; x_wconf 92' lang='grc'>35,</span> <span class='ocrx_word' id='word_1_200' title='bbox 346 2355 374 2413; x_wconf 92' lang='lat' dir='ltr'>T</span> <span class='ocrx_word' id='word_1_201' title='bbox 377 2355 434 2414; x_wconf 91' lang='lat' dir='ltr'>rist.</span> <span class='ocrx_word' id='word_1_202' title='bbox 449 2374 476 2414; x_wconf 92' lang='lat' dir='ltr'>v.</span> <span class='ocrx_word' id='word_1_203' title='bbox 492 2368 519 2426; x_wconf 89' lang='grc'>5.</span> <span class='ocrx_word' id='word_1_204' title='bbox 536 2351 594 2430; x_wconf 91' lang='grc'>33),</span> <span class='ocrx_word' id='word_1_205' title='bbox 616 2355 653 2413; x_wconf 90' lang='lat' dir='ltr'>de</span> <span class='ocrx_word' id='word_1_206' title='bbox 667 2355 786 2414; x_wconf 87' lang='lat' dir='ltr'>Scirone</span> <span class='ocrx_word' id='word_1_207' title='bbox 805 2354 903 2413; x_wconf 91' lang='lat' dir='ltr'>Sinide</span> <span class='ocrx_word' id='word_1_208' title='bbox 917 2355 1117 2432; x_wconf 86' lang='lat' dir='ltr'>Polypemone</span> <span class='ocrx_word' id='word_1_209' title='bbox 1136 2373 1211 2432; x_wconf 91' lang='lat' dir='ltr'>quos</span> <span class='ocrx_word' id='word_1_210' title='bbox 1225 2355 1360 2414; x_wconf 88' lang='lat' dir='ltr'>Theseus</span> 
     </span>
     <span class='ocr_line' id='line_1_24' title="bbox 211 2433 942 2514; baseline 0 -20"><span class='ocrx_word' id='word_1_211' title='bbox 211 2437 347 2494; x_wconf 86' lang='lat' dir='ltr'>exstinxit</span> <span class='ocrx_word' id='word_1_212' title='bbox 361 2433 458 2514; x_wconf 90' lang='lat' dir='ltr'>(Pont.</span> <span class='ocrx_word' id='word_1_213' title='bbox 474 2435 509 2494; x_wconf 92' lang='lat' dir='ltr'>iv.</span> <span class='ocrx_word' id='word_1_214' title='bbox 528 2454 573 2494; x_wconf 92' lang='lat'>10.</span> <span class='ocrx_word' id='word_1_215' title='bbox 590 2449 636 2510; x_wconf 85' lang='lat'>79,</span> <span class='ocrx_word' id='word_1_216' title='bbox 653 2436 758 2507; x_wconf 88' lang='lat' dir='ltr'>80,1b.</span> <span class='ocrx_word' id='word_1_217' title='bbox 775 2433 942 2513; x_wconf 80' lang='lat'>407-412).</span> 
     </span>
    </p>

    <p class='ocr_par' dir='ltr' id='par_1_5' title="bbox 135 2516 1425 3975">
     <span class='ocr_line' id='line_1_25' title="bbox 252 2516 1359 2594; baseline 0.003 -20"><span class='ocrx_word' id='word_1_218' title='bbox 252 2516 367 2574; x_wconf 89' lang='lat' dir='ltr'>Harum</span> <span class='ocrx_word' id='word_1_219' title='bbox 382 2517 405 2575; x_wconf 93' lang='lat' dir='ltr'>si</span> <span class='ocrx_word' id='word_1_220' title='bbox 419 2535 478 2575; x_wconf 93' lang='lat' dir='ltr'>una</span> <span class='ocrx_word' id='word_1_221' title='bbox 492 2527 580 2588; x_wconf 90' lang='lat' dir='ltr'>certe,</span> <span class='ocrx_word' id='word_1_222' title='bbox 592 2517 628 2576; x_wconf 94' lang='lat' dir='ltr'>de</span> <span class='ocrx_word' id='word_1_223' title='bbox 639 2517 764 2576; x_wconf 91' lang='lat' dir='ltr'>flammis</span> <span class='ocrx_word' id='word_1_224' title='bbox 775 2519 804 2574; x_wconf 93' lang='lat' dir='ltr'>in</span> <span class='ocrx_word' id='word_1_225' title='bbox 817 2535 866 2575; x_wconf 90' lang='lat' dir='ltr'>ara</span> <span class='ocrx_word' id='word_1_226' title='bbox 877 2517 995 2576; x_wconf 89' lang='lat' dir='ltr'>fratrum</span> <span class='ocrx_word' id='word_1_227' title='bbox 1006 2535 1166 2594; x_wconf 92' lang='lat' dir='ltr'>numquam</span> <span class='ocrx_word' id='word_1_228' title='bbox 1177 2518 1359 2589; x_wconf 91' lang='lat' dir='ltr'>coeuntibus,</span> 
     </span>
     <span class='ocr_line' id='line_1_26' title="bbox 210 2597 1359 2675; baseline 0.002 -19"><span class='ocrx_word' id='word_1_229' title='bbox 210 2616 248 2656; x_wconf 89' lang='lat' dir='ltr'>ex</span> <span class='ocrx_word' id='word_1_230' title='bbox 262 2597 443 2656; x_wconf 87' lang='lat' dir='ltr'>Callimacho</span> <span class='ocrx_word' id='word_1_231' title='bbox 461 2608 577 2673; x_wconf 91' lang='lat' dir='ltr'>sumpta</span> <span class='ocrx_word' id='word_1_232' title='bbox 593 2607 644 2668; x_wconf 93' lang='lat' dir='ltr'>est,</span> <span class='ocrx_word' id='word_1_233' title='bbox 659 2616 721 2656; x_wconf 93' lang='lat' dir='ltr'>non</span> <span class='ocrx_word' id='word_1_234' title='bbox 741 2598 856 2657; x_wconf 89' lang='lat' dir='ltr'>aliunde</span> <span class='ocrx_word' id='word_1_235' title='bbox 873 2599 960 2657; x_wconf 90' lang='lat' dir='ltr'>etiam</span> <span class='ocrx_word' id='word_1_236' title='bbox 980 2608 1092 2657; x_wconf 89' lang='lat' dir='ltr'>ceterae</span> <span class='ocrx_word' id='word_1_237' title='bbox 1110 2599 1175 2657; x_wconf 94' lang='lat' dir='ltr'>duci</span> <span class='ocrx_word' id='word_1_238' title='bbox 1194 2606 1359 2675; x_wconf 87' lang='lat' dir='ltr'>potuerunt.</span> 
     </span>
     <span class='ocr_line' id='line_1_27' title="bbox 211 2679 1359 2757; baseline 0.001 -19"><span class='ocrx_word' id='word_1_239' title='bbox 211 2679 344 2756; x_wconf 86' lang='lat' dir='ltr'>Suntque</span> <span class='ocrx_word' id='word_1_240' title='bbox 364 2681 470 2757; x_wconf 89' lang='lat' dir='ltr'>pariter</span> <span class='ocrx_word' id='word_1_241' title='bbox 487 2680 562 2738; x_wconf 94' lang='lat' dir='ltr'>Ibidi</span> <span class='ocrx_word' id='word_1_242' title='bbox 577 2679 722 2738; x_wconf 89' lang='lat' dir='ltr'>Tristibus</span> <span class='ocrx_word' id='word_1_243' title='bbox 743 2680 882 2756; x_wconf 89' lang='lat' dir='ltr'>Epistulis</span> <span class='ocrx_word' id='word_1_244' title='bbox 904 2680 1072 2739; x_wconf 90' lang='lat' dir='ltr'>communia</span> <span class='ocrx_word' id='word_1_245' title='bbox 1093 2697 1161 2739; x_wconf 91' lang='lat' dir='ltr'>cum</span> <span class='ocrx_word' id='word_1_246' title='bbox 1180 2679 1359 2739; x_wconf 89' lang='lat' dir='ltr'>Callimacho</span> 
     </span>
     <span class='ocr_line' id='line_1_28' title="bbox 210 2757 1360 2840; baseline 0.002 -22"><span class='ocrx_word' id='word_1_247' title='bbox 210 2778 285 2836; x_wconf 90' lang='lat' dir='ltr'>quae</span> <span class='ocrx_word' id='word_1_248' title='bbox 307 2759 343 2819; x_wconf 91' lang='lat' dir='ltr'>de</span> <span class='ocrx_word' id='word_1_249' title='bbox 364 2761 480 2819; x_wconf 83' lang='lat' dir='ltr'>candore</span> <span class='ocrx_word' id='word_1_250' title='bbox 501 2779 554 2819; x_wconf 93' lang='lat' dir='ltr'>suo</span> <span class='ocrx_word' id='word_1_251' title='bbox 574 2758 674 2840; x_wconf 91' lang='lat' dir='ltr'>(Trist.</span> <span class='ocrx_word' id='word_1_252' title='bbox 693 2779 719 2820; x_wconf 91' lang='lat' dir='ltr'>v.</span> <span class='ocrx_word' id='word_1_253' title='bbox 738 2781 765 2836; x_wconf 89' lang='grc'>3.</span> <span class='ocrx_word' id='word_1_254' title='bbox 786 2775 833 2836; x_wconf 88' lang='grc'>53,</span> <span class='ocrx_word' id='word_1_255' title='bbox 856 2761 940 2820; x_wconf 89' lang='lat' dir='ltr'>Pont.</span> <span class='ocrx_word' id='word_1_256' title='bbox 961 2763 996 2820; x_wconf 92' lang='lat' dir='ltr'>iv.</span> <span class='ocrx_word' id='word_1_257' title='bbox 1015 2779 1060 2833; x_wconf 89' lang='lat'>14.</span> <span class='ocrx_word' id='word_1_258' title='bbox 1076 2779 1124 2836; x_wconf 83' lang='lat'>43,</span> <span class='ocrx_word' id='word_1_259' title='bbox 1146 2761 1190 2820; x_wconf 91' lang='lat' dir='ltr'>lb.</span> <span class='ocrx_word' id='word_1_260' title='bbox 1211 2757 1251 2838; x_wconf 88' lang='lat'>8),</span> <span class='ocrx_word' id='word_1_261' title='bbox 1272 2762 1360 2820; x_wconf 78' lang='grc' dir='ltr'>[ιἰιανι</span> 
     </span>
     <span class='ocr_line' id='line_1_29' title="bbox 135 2841 1359 2921; baseline 0.002 -22"><span class='ocrx_word' id='word_1_262' title='bbox 135 2911 140 2916; x_wconf 36' lang='grc'>,</span> <span class='ocrx_word' id='word_1_263' title='bbox 209 2842 394 2900; x_wconf 91' lang='lat' dir='ltr'>inimicorum</span> <span class='ocrx_word' id='word_1_264' title='bbox 416 2841 498 2901; x_wconf 91' lang='lat' dir='ltr'>iterat</span> <span class='ocrx_word' id='word_1_265' title='bbox 515 2841 639 2902; x_wconf 92' lang='lat' dir='ltr'>Ouidius</span> <span class='ocrx_word' id='word_1_266' title='bbox 655 2841 751 2919; x_wconf 89' lang='lat' dir='ltr'>(Pont.</span> <span class='ocrx_word' id='word_1_267' title='bbox 766 2842 803 2900; x_wconf 91' lang='lat' dir='ltr'>iii.</span> <span class='ocrx_word' id='word_1_268' title='bbox 820 2862 846 2918; x_wconf 91' lang='grc'>3.</span> <span class='ocrx_word' id='word_1_269' title='bbox 865 2861 931 2913; x_wconf 92' lang='lat'>101,</span> <span class='ocrx_word' id='word_1_270' title='bbox 949 2843 983 2901; x_wconf 92' lang='lat' dir='ltr'>iv.</span> <span class='ocrx_word' id='word_1_271' title='bbox 1004 2844 1048 2914; x_wconf 88' lang='lat'>16,</span> <span class='ocrx_word' id='word_1_272' title='bbox 1066 2842 1125 2921; x_wconf 91' lang='grc'>47).</span> <span class='ocrx_word' id='word_1_273' title='bbox 1168 2842 1247 2901; x_wconf 83' lang='grc' dir='ltr'>Ναια</span> <span class='ocrx_word' id='word_1_274' title='bbox 1266 2843 1359 2920; x_wconf 84' lang='grc' dir='ltr'>Αροί-</span> 
     </span>
     <span class='ocr_line' id='line_1_30' title="bbox 208 2923 1358 3002; baseline 0.003 -22"><span class='ocrx_word' id='word_1_275' title='bbox 208 2923 320 2982; x_wconf 90' lang='lat' dir='ltr'>lonium</span> <span class='ocrx_word' id='word_1_276' title='bbox 333 2923 528 2982; x_wconf 87' lang='lat' dir='ltr'>Callimachus</span> <span class='ocrx_word' id='word_1_277' title='bbox 543 2941 605 2990; x_wconf 88' lang='lat' dir='ltr'>non</span> <span class='ocrx_word' id='word_1_278' title='bbox 619 2923 708 2982; x_wconf 90' lang='lat' dir='ltr'>semel</span> <span class='ocrx_word' id='word_1_279' title='bbox 722 2933 873 3001; x_wconf 91' lang='lat' dir='ltr'>tamquam</span> <span class='ocrx_word' id='word_1_280' title='bbox 887 2925 931 2983; x_wconf 91' lang='lat' dir='ltr'>sui</span> <span class='ocrx_word' id='word_1_281' title='bbox 944 2925 1076 2984; x_wconf 91' lang='lat' dir='ltr'>inuidum</span> <span class='ocrx_word' id='word_1_282' title='bbox 1091 2925 1191 3001; x_wconf 91' lang='lat' dir='ltr'>tetigit,</span> <span class='ocrx_word' id='word_1_283' title='bbox 1202 2934 1234 2982; x_wconf 92' lang='lat' dir='ltr'>ut</span> <span class='ocrx_word' id='word_1_284' title='bbox 1249 2924 1288 2982; x_wconf 94' lang='lat' dir='ltr'>H.</span> <span class='ocrx_word' id='word_1_285' title='bbox 1300 2925 1358 3002; x_wconf 90' lang='lat' dir='ltr'>Ap.</span> 
     </span>
     <span class='ocr_line' id='line_1_31' title="bbox 214 3002 1359 3081; baseline 0.001 -18"><span class='ocrx_word' id='word_1_286' title='bbox 214 3017 280 3078; x_wconf 81' lang='lat'>107,</span> <span class='ocrx_word' id='word_1_287' title='bbox 299 3002 354 3081; x_wconf 87' lang='lat' dir='ltr'>Ep.</span> <span class='ocrx_word' id='word_1_288' title='bbox 371 3023 418 3080; x_wconf 77' lang='lat'>23.</span> <span class='ocrx_word' id='word_1_289' title='bbox 434 3022 452 3076; x_wconf 82' lang='lat'>4</span> <span class='ocrx_word' id='word_1_290' title='bbox 466 3006 496 3059; x_wconf 82' lang='lat' dir='ltr'>‘O</span> <span class='ocrx_word' id='word_1_291' title='bbox 511 3004 533 3060; x_wconf 73' lang='grc' dir='ltr'>δ’</span> <span class='ocrx_word' id='word_1_292' title='bbox 549 3009 636 3076; x_wconf 69' lang='grc' dir='ltr'>ᾔεισεν</span> <span class='ocrx_word' id='word_1_293' title='bbox 650 3008 779 3079; x_wconf 81' lang='grc' dir='ltr'>κρέσσονα</span> <span class='ocrx_word' id='word_1_294' title='bbox 797 3009 945 3077; x_wconf 70' lang='grc' dir='ltr'>βασκανίας,</span> <span class='ocrx_word' id='word_1_295' title='bbox 963 3005 995 3063; x_wconf 86' lang='lat' dir='ltr'>lr.</span> <span class='ocrx_word' id='word_1_296' title='bbox 1012 3025 1068 3080; x_wconf 79' lang='lat'>292</span> <span class='ocrx_word' id='word_1_297' title='bbox 1083 3006 1204 3078; x_wconf 73' lang='grc' dir='ltr'>Ἐλλετε,</span> <span class='ocrx_word' id='word_1_298' title='bbox 1218 3010 1359 3077; x_wconf 85' lang='grc' dir='ltr'>βασκανίης</span> 
     </span>
     <span class='ocr_line' id='line_1_32' title="bbox 209 3085 1359 3164; baseline 0.004 -24"><span class='ocrx_word' id='word_1_299' title='bbox 209 3087 288 3144; x_wconf 84' lang='grc' dir='ltr'>ὀλοὸν</span> <span class='ocrx_word' id='word_1_300' title='bbox 300 3087 381 3156; x_wconf 76' lang='grc' dir='ltr'>γένος.</span> <span class='ocrx_word' id='word_1_301' title='bbox 424 3085 580 3145; x_wconf 92' lang='lat' dir='ltr'>Eodemne</span> <span class='ocrx_word' id='word_1_302' title='bbox 594 3086 760 3145; x_wconf 88' lang='lat' dir='ltr'>reuocanda</span> <span class='ocrx_word' id='word_1_303' title='bbox 773 3087 830 3145; x_wconf 90' lang='lat' dir='ltr'>sint</span> <span class='ocrx_word' id='word_1_304' title='bbox 844 3097 887 3145; x_wconf 93' lang='lat' dir='ltr'>tot</span> <span class='ocrx_word' id='word_1_305' title='bbox 902 3087 1043 3164; x_wconf 88' lang='lat' dir='ltr'>supplicia</span> <span class='ocrx_word' id='word_1_306' title='bbox 1056 3095 1224 3162; x_wconf 77' lang='lat' dir='ltr'>repertorum</span> <span class='ocrx_word' id='word_1_307' title='bbox 1238 3089 1359 3162; x_wconf 92' lang='lat' dir='ltr'>quaein</span> 
     </span>
     <span class='ocr_line' id='line_1_33' title="bbox 210 3166 1358 3242; baseline -0.001 -15"><span class='ocrx_word' id='word_1_308' title='bbox 210 3166 358 3227; x_wconf 90' lang='lat' dir='ltr'>Ouidiana</span> <span class='ocrx_word' id='word_1_309' title='bbox 372 3167 454 3226; x_wconf 90' lang='lat' dir='ltr'>Ibide</span> <span class='ocrx_word' id='word_1_310' title='bbox 470 3171 763 3238; x_wconf 90' lang='lat' dir='ltr'>commemorantur‚†</span> <span class='ocrx_word' id='word_1_311' title='bbox 778 3185 839 3226; x_wconf 91' lang='lat' dir='ltr'>non</span> <span class='ocrx_word' id='word_1_312' title='bbox 859 3168 1031 3242; x_wconf 83' lang='lat' dir='ltr'>affirmarim.</span> <span class='ocrx_word' id='word_1_313' title='bbox 1074 3169 1143 3227; x_wconf 89' lang='lat' dir='ltr'>Duo</span> <span class='ocrx_word' id='word_1_314' title='bbox 1159 3178 1235 3226; x_wconf 90' lang='lat' dir='ltr'>certe</span> <span class='ocrx_word' id='word_1_315' title='bbox 1252 3169 1358 3228; x_wconf 91' lang='lat' dir='ltr'>horum</span> 
     </span>
     <span class='ocr_line' id='line_1_34' title="bbox 209 3247 1359 3327; baseline 0.002 -21"><span class='ocrx_word' id='word_1_316' title='bbox 209 3265 319 3324; x_wconf 87' lang='lat' dir='ltr'>genera</span> <span class='ocrx_word' id='word_1_317' title='bbox 345 3248 402 3308; x_wconf 89' lang='lat' dir='ltr'>illic</span> <span class='ocrx_word' id='word_1_318' title='bbox 427 3248 609 3325; x_wconf 86' lang='lat' dir='ltr'>proueniunt.</span> <span class='ocrx_word' id='word_1_319' title='bbox 660 3247 705 3327; x_wconf 89' lang='lat'>(1)</span> <span class='ocrx_word' id='word_1_320' title='bbox 733 3248 851 3307; x_wconf 79' lang='lat' dir='ltr'>Artium</span> <span class='ocrx_word' id='word_1_321' title='bbox 878 3259 1047 3326; x_wconf 90' lang='lat' dir='ltr'>repertores.</span> <span class='ocrx_word' id='word_1_322' title='bbox 1089 3249 1280 3310; x_wconf 88' lang='lat' dir='ltr'>Prometheus</span> <span class='ocrx_word' id='word_1_323' title='bbox 1309 3251 1359 3326; x_wconf 94' lang='lat' dir='ltr'>qui</span> 
     </span>
     <span class='ocr_line' id='line_1_35' title="bbox 210 3329 1359 3407; baseline 0.003 -21"><span class='ocrx_word' id='word_1_324' title='bbox 210 3331 310 3406; x_wconf 86' lang='lat' dir='ltr'>ignem</span> <span class='ocrx_word' id='word_1_325' title='bbox 324 3330 435 3388; x_wconf 91' lang='lat' dir='ltr'>inuenit</span> <span class='ocrx_word' id='word_1_326' title='bbox 448 3329 492 3388; x_wconf 94' lang='lat' dir='ltr'>lb.</span> <span class='ocrx_word' id='word_1_327' title='bbox 509 3349 576 3404; x_wconf 79' lang='lat'>291,</span> <span class='ocrx_word' id='word_1_328' title='bbox 597 3329 701 3389; x_wconf 89' lang='lat' dir='ltr'>Perdix</span> <span class='ocrx_word' id='word_1_329' title='bbox 721 3330 771 3406; x_wconf 92' lang='lat' dir='ltr'>qui</span> <span class='ocrx_word' id='word_1_330' title='bbox 791 3349 898 3390; x_wconf 90' lang='lat' dir='ltr'>serram</span> <span class='ocrx_word' id='word_1_331' title='bbox 918 3333 986 3406; x_wconf 88' lang='lat'>498,</span> <span class='ocrx_word' id='word_1_332' title='bbox 1002 3330 1166 3407; x_wconf 90' lang='lat' dir='ltr'>Thamyras</span> <span class='ocrx_word' id='word_1_333' title='bbox 1183 3332 1232 3407; x_wconf 93' lang='lat' dir='ltr'>qui</span> <span class='ocrx_word' id='word_1_334' title='bbox 1251 3331 1359 3390; x_wconf 92' lang='lat' dir='ltr'>modos</span> 
     </span>
     <span class='ocr_line' id='line_1_36' title="bbox 208 3409 1360 3489; baseline 0.003 -21"><span class='ocrx_word' id='word_1_335' title='bbox 208 3409 317 3469; x_wconf 91' lang='lat' dir='ltr'>Dorios</span> <span class='ocrx_word' id='word_1_336' title='bbox 344 3424 411 3487; x_wconf 74' lang='lat' dir='ltr'>aya,</span> <span class='ocrx_word' id='word_1_337' title='bbox 440 3410 592 3486; x_wconf 90' lang='lat' dir='ltr'>Amphion</span> <span class='ocrx_word' id='word_1_338' title='bbox 620 3411 669 3488; x_wconf 90' lang='lat' dir='ltr'>qui</span> <span class='ocrx_word' id='word_1_339' title='bbox 697 3412 807 3488; x_wconf 93' lang='lat' dir='ltr'>Lydios</span> <span class='ocrx_word' id='word_1_340' title='bbox 834 3415 901 3488; x_wconf 91' lang='grc'>583,</span> <span class='ocrx_word' id='word_1_341' title='bbox 931 3411 1063 3489; x_wconf 88' lang='lat' dir='ltr'>Marsyas</span> <span class='ocrx_word' id='word_1_342' title='bbox 1088 3413 1137 3489; x_wconf 90' lang='lat' dir='ltr'>qui</span> <span class='ocrx_word' id='word_1_343' title='bbox 1165 3412 1306 3488; x_wconf 88' lang='lat' dir='ltr'>Phrygios</span> <span class='ocrx_word' id='word_1_344' title='bbox 1330 3422 1360 3472; x_wconf 94' lang='lat' dir='ltr'>et</span> 
     </span>
     <span class='ocr_line' id='line_1_37' title="bbox 210 3492 1359 3571; baseline 0.002 -21"><span class='ocrx_word' id='word_1_345' title='bbox 210 3492 344 3568; x_wconf 89' lang='lat' dir='ltr'>geminas</span> <span class='ocrx_word' id='word_1_346' title='bbox 371 3492 456 3551; x_wconf 91' lang='lat' dir='ltr'>tibias</span> <span class='ocrx_word' id='word_1_347' title='bbox 481 3507 549 3566; x_wconf 85' lang='lat'>552,</span> <span class='ocrx_word' id='word_1_348' title='bbox 578 3492 774 3570; x_wconf 89' lang='lat' dir='ltr'>Amphiaraus</span> <span class='ocrx_word' id='word_1_349' title='bbox 801 3497 851 3570; x_wconf 92' lang='lat' dir='ltr'>qui</span> <span class='ocrx_word' id='word_1_350' title='bbox 879 3494 1031 3571; x_wconf 85' lang='lat' dir='ltr'>ignispicia</span> <span class='ocrx_word' id='word_1_351' title='bbox 1057 3509 1125 3568; x_wconf 83' lang='lat'>354,</span> <span class='ocrx_word' id='word_1_352' title='bbox 1153 3493 1280 3552; x_wconf 89' lang='lat' dir='ltr'>Tiresias</span> <span class='ocrx_word' id='word_1_353' title='bbox 1309 3495 1359 3571; x_wconf 91' lang='lat' dir='ltr'>qui</span> 
     </span>
     <span class='ocr_line' id='line_1_38' title="bbox 210 3573 1378 3651; baseline 0 -19"><span class='ocrx_word' id='word_1_354' title='bbox 210 3574 339 3651; x_wconf 87' lang='lat' dir='ltr'>auspicia</span> <span class='ocrx_word' id='word_1_355' title='bbox 363 3574 462 3633; x_wconf 90' lang='lat' dir='ltr'>auium</span> <span class='ocrx_word' id='word_1_356' title='bbox 487 3576 555 3648; x_wconf 77' lang='lat'>263,</span> <span class='ocrx_word' id='word_1_357' title='bbox 580 3573 701 3650; x_wconf 89' lang='lat' dir='ltr'>Lycaon</span> <span class='ocrx_word' id='word_1_358' title='bbox 726 3575 776 3651; x_wconf 90' lang='lat' dir='ltr'>qui</span> <span class='ocrx_word' id='word_1_359' title='bbox 800 3575 931 3634; x_wconf 91' lang='lat' dir='ltr'>inducias</span> <span class='ocrx_word' id='word_1_360' title='bbox 956 3585 985 3634; x_wconf 90' lang='lat' dir='ltr'>et</span> <span class='ocrx_word' id='word_1_361' title='bbox 1007 3575 1092 3634; x_wconf 91' lang='lat' dir='ltr'>ludos</span> <span class='ocrx_word' id='word_1_362' title='bbox 1114 3575 1267 3650; x_wconf 90' lang='lat' dir='ltr'>gymnicos</span> <span class='ocrx_word' id='word_1_363' title='bbox 1289 3588 1378 3651; x_wconf 75' lang='lat'>327„</span> 
     </span>
     <span class='ocr_line' id='line_1_39' title="bbox 210 3653 1359 3732; baseline 0.003 -20"><span class='ocrx_word' id='word_1_364' title='bbox 210 3653 310 3713; x_wconf 92' lang='lat' dir='ltr'>Icarus</span> <span class='ocrx_word' id='word_1_365' title='bbox 335 3656 384 3732; x_wconf 90' lang='lat' dir='ltr'>qui</span> <span class='ocrx_word' id='word_1_366' title='bbox 408 3655 510 3713; x_wconf 89' lang='lat' dir='ltr'>uinum</span> <span class='ocrx_word' id='word_1_367' title='bbox 535 3655 630 3714; x_wconf 87' lang='lat' dir='ltr'>lacere</span> <span class='ocrx_word' id='word_1_368' title='bbox 652 3658 721 3726; x_wconf 88' lang='lat'>611,</span> <span class='ocrx_word' id='word_1_369' title='bbox 745 3655 916 3715; x_wconf 90' lang='lat' dir='ltr'>Palamedes</span> <span class='ocrx_word' id='word_1_370' title='bbox 940 3657 990 3732; x_wconf 91' lang='lat' dir='ltr'>qui</span> <span class='ocrx_word' id='word_1_371' title='bbox 1014 3657 1129 3725; x_wconf 90' lang='lat' dir='ltr'>litteras,</span> <span class='ocrx_word' id='word_1_372' title='bbox 1152 3656 1272 3731; x_wconf 87' lang='lat' dir='ltr'>uigilias,</span> <span class='ocrx_word' id='word_1_373' title='bbox 1295 3656 1359 3715; x_wconf 89' lang='lat' dir='ltr'>alea</span> 
     </span>
     <span class='ocr_line' id='line_1_40' title="bbox 209 3733 1358 3814; baseline 0 -21"><span class='ocrx_word' id='word_1_374' title='bbox 209 3733 308 3794; x_wconf 91' lang='lat' dir='ltr'>ludere</span> <span class='ocrx_word' id='word_1_375' title='bbox 324 3738 393 3811; x_wconf 90' lang='lat'>619,</span> <span class='ocrx_word' id='word_1_376' title='bbox 407 3736 599 3795; x_wconf 89' lang='lat' dir='ltr'>Archilochus</span> <span class='ocrx_word' id='word_1_377' title='bbox 614 3737 663 3813; x_wconf 91' lang='lat' dir='ltr'>qui</span> <span class='ocrx_word' id='word_1_378' title='bbox 684 3738 814 3795; x_wconf 93' lang='lat' dir='ltr'>iambum</span> <span class='ocrx_word' id='word_1_379' title='bbox 830 3751 897 3810; x_wconf 84' lang='lat'>525,</span> <span class='ocrx_word' id='word_1_380' title='bbox 913 3737 1042 3796; x_wconf 91' lang='lat' dir='ltr'>Glaucus</span> <span class='ocrx_word' id='word_1_381' title='bbox 1059 3737 1108 3814; x_wconf 91' lang='lat' dir='ltr'>qui</span> <span class='ocrx_word' id='word_1_382' title='bbox 1127 3735 1247 3795; x_wconf 90' lang='lat' dir='ltr'>herbam</span> <span class='ocrx_word' id='word_1_383' title='bbox 1265 3738 1358 3793; x_wconf 81' lang='grc' dir='ltr'>ἀθανα-</span> 
     </span>
     <span class='ocr_line' id='line_1_41' title="bbox 210 3815 1425 3897; baseline 0.002 -23"><span class='ocrx_word' id='word_1_384' title='bbox 210 3819 271 3874; x_wconf 73' lang='grc' dir='ltr'>σίας</span> <span class='ocrx_word' id='word_1_385' title='bbox 296 3820 364 3892; x_wconf 86' lang='grc'>556,</span> <span class='ocrx_word' id='word_1_386' title='bbox 390 3817 526 3894; x_wconf 91' lang='lat' dir='ltr'>O1pheus</span> <span class='ocrx_word' id='word_1_387' title='bbox 554 3818 604 3892; x_wconf 92' lang='lat' dir='ltr'>qui</span> <span class='ocrx_word' id='word_1_388' title='bbox 632 3818 739 3876; x_wconf 88' lang='lat' dir='ltr'>inlicito</span> <span class='ocrx_word' id='word_1_389' title='bbox 769 3835 869 3876; x_wconf 90' lang='lat' dir='ltr'>amore</span> <span class='ocrx_word' id='word_1_390' title='bbox 897 3819 938 3876; x_wconf 94' lang='lat' dir='ltr'>uti</span> <span class='ocrx_word' id='word_1_391' title='bbox 962 3819 1031 3876; x_wconf 90' lang='lat'>600.</span> <span class='ocrx_word' id='word_1_392' title='bbox 1074 3815 1119 3897; x_wconf 87' lang='lat' dir='ltr'>(a)</span> <span class='ocrx_word' id='word_1_393' title='bbox 1145 3815 1357 3892; x_wconf 80' lang='lat' dir='ltr'>Supplr&#39;crbrum.</span> <span class='ocrx_word' id='word_1_394' title='bbox 1420 3838 1425 3844; x_wconf 93' lang='grc'><em>·</em></span> 
     </span>
     <span class='ocr_line' id='line_1_42' title="bbox 210 3896 1359 3975; baseline 0 -20"><span class='ocrx_word' id='word_1_395' title='bbox 210 3896 351 3957; x_wconf 86' lang='lat' dir='ltr'>Thrasius</span> <span class='ocrx_word' id='word_1_396' title='bbox 383 3900 463 3957; x_wconf 84' lang='lat' dir='ltr'>sacri</span> <span class='ocrx_word' id='word_1_397' title='bbox 494 3905 642 3957; x_wconf 76' lang='lat' dir='ltr'>mostratur</span> <span class='ocrx_word' id='word_1_398' title='bbox 675 3901 771 3975; x_wconf 82' lang='lat' dir='ltr'>r‘m&#39;qur&#39;</span> <span class='ocrx_word' id='word_1_399' title='bbox 804 3911 872 3975; x_wconf 83' lang='lat'>397,</span> <span class='ocrx_word' id='word_1_400' title='bbox 907 3899 1025 3958; x_wconf 90' lang='lat' dir='ltr'>Perillus</span> <span class='ocrx_word' id='word_1_401' title='bbox 1060 3908 1089 3956; x_wconf 91' lang='lat' dir='ltr'>et</span> <span class='ocrx_word' id='word_1_402' title='bbox 1121 3897 1249 3956; x_wconf 88' lang='lat' dir='ltr'>Phalaris</span> <span class='ocrx_word' id='word_1_403' title='bbox 1277 3912 1359 3973; x_wconf 90' lang='grc'>437-</span> 
     </span>
    </p>
   </div>
   <div class='ocr_carea' id='block_1_5' title="bbox 201 4091 1359 4613">
    <p class='ocr_par' dir='ltr' id='par_1_6' title="bbox 242 4091 985 4160">
     <span class='ocr_line' id='line_1_43' title="bbox 242 4091 985 4160; baseline 0.001 -18"><span class='ocrx_word' id='word_1_404' title='bbox 242 4097 257 4130; x_wconf 83' lang='grc'><strong><em>*</em></strong></span> <span class='ocrx_word' id='word_1_405' title='bbox 273 4095 365 4142; x_wconf 89' lang='lat' dir='ltr'>Callim.</span> <span class='ocrx_word' id='word_1_406' title='bbox 377 4096 405 4142; x_wconf 88' lang='lat' dir='ltr'>fr.</span> <span class='ocrx_word' id='word_1_407' title='bbox 416 4097 465 4156; x_wconf 76' lang='lat'>382</span> <span class='ocrx_word' id='word_1_408' title='bbox 477 4094 616 4160; x_wconf 79' lang='grc' dir='ltr'>Τριγλίνχιν</span> <span class='ocrx_word' id='word_1_409' title='bbox 628 4092 693 4156; x_wconf 69' lang='grc' dir='ltr'>ὀλοῷ</span> <span class='ocrx_word' id='word_1_410' title='bbox 705 4095 780 4155; x_wconf 85' lang='grc' dir='ltr'>νῆσος</span> <span class='ocrx_word' id='word_1_411' title='bbox 792 4091 826 4142; x_wconf 77' lang='grc' dir='ltr'>ἐπ’</span> <span class='ocrx_word' id='word_1_412' title='bbox 838 4093 985 4158; x_wconf 74' lang='grc' dir='ltr'>Ἐγκελάδῳ.</span> 
     </span>
    </p>

    <p class='ocr_par' dir='ltr' id='par_1_7' title="bbox 201 4157 1359 4613">
     <span class='ocr_line' id='line_1_44' title="bbox 243 4157 1359 4224; baseline 0.005 -18"><span class='ocrx_word' id='word_1_413' title='bbox 243 4159 261 4217; x_wconf 88' lang='grc'>·1·</span> <span class='ocrx_word' id='word_1_414' title='bbox 278 4161 346 4220; x_wconf 85' lang='lat' dir='ltr'>Qrae</span> <span class='ocrx_word' id='word_1_415' title='bbox 358 4171 464 4210; x_wconf 87' lang='lat' dir='ltr'>secuntur</span> <span class='ocrx_word' id='word_1_416' title='bbox 475 4164 560 4222; x_wconf 88' lang='lat' dir='ltr'>sumpsi</span> <span class='ocrx_word' id='word_1_417' title='bbox 571 4179 600 4210; x_wconf 89' lang='lat' dir='ltr'>ex</span> <span class='ocrx_word' id='word_1_418' title='bbox 612 4162 670 4210; x_wconf 92' lang='lat' dir='ltr'>Plin.</span> <span class='ocrx_word' id='word_1_419' title='bbox 682 4163 712 4209; x_wconf 91' lang='lat' dir='ltr'>H.</span> <span class='ocrx_word' id='word_1_420' title='bbox 721 4163 751 4211; x_wconf 94' lang='lat' dir='ltr'>N.</span> <span class='ocrx_word' id='word_1_421' title='bbox 764 4162 802 4210; x_wconf 89' lang='lat' dir='ltr'>vii.</span> <span class='ocrx_word' id='word_1_422' title='bbox 817 4174 860 4224; x_wconf 89' lang='lat'>191</span> <span class='ocrx_word' id='word_1_423' title='bbox 875 4178 923 4223; x_wconf 89' lang='lat' dir='ltr'>sqq.</span> <span class='ocrx_word' id='word_1_424' title='bbox 957 4162 999 4209; x_wconf 88' lang='lat' dir='ltr'>Sed</span> <span class='ocrx_word' id='word_1_425' title='bbox 1011 4161 1146 4221; x_wconf 87' lang='lat' dir='ltr'>scripserunt</span> <span class='ocrx_word' id='word_1_426' title='bbox 1156 4157 1208 4223; x_wconf 81' lang='grc' dir='ltr'>περί</span> <span class='ocrx_word' id='word_1_427' title='bbox 1220 4159 1359 4224; x_wconf 81' lang='grc' dir='ltr'>εὑρημάτων</span> 
     </span>
     <span class='ocr_line' id='line_1_45' title="bbox 201 4225 1357 4294; baseline 0.002 -20"><span class='ocrx_word' id='word_1_428' title='bbox 201 4226 337 4285; x_wconf 79' lang='lat' dir='ltr'>conplures,</span> <span class='ocrx_word' id='word_1_429' title='bbox 348 4241 406 4286; x_wconf 90' lang='lat' dir='ltr'>quos</span> <span class='ocrx_word' id='word_1_430' title='bbox 417 4235 519 4276; x_wconf 84' lang='lat' dir='ltr'>recenset</span> <span class='ocrx_word' id='word_1_431' title='bbox 531 4235 583 4287; x_wconf 85' lang='lat' dir='ltr'>post</span> <span class='ocrx_word' id='word_1_432' title='bbox 600 4227 730 4294; x_wconf 81' lang='lat' dir='ltr'>Bentleium</span> <span class='ocrx_word' id='word_1_433' title='bbox 743 4227 905 4288; x_wconf 87' lang='lat' dir='ltr'>(Dissertation</span> <span class='ocrx_word' id='word_1_434' title='bbox 916 4242 978 4288; x_wconf 90' lang='lat' dir='ltr'>upon</span> <span class='ocrx_word' id='word_1_435' title='bbox 990 4226 1089 4273; x_wconf 84' lang='lat' dir='ltr'>Phalaris</span> <span class='ocrx_word' id='word_1_436' title='bbox 1101 4226 1124 4274; x_wconf 90' lang='lat' dir='ltr'>ii.</span> <span class='ocrx_word' id='word_1_437' title='bbox 1137 4241 1160 4286; x_wconf 89' lang='lat' dir='ltr'>p.</span> <span class='ocrx_word' id='word_1_438' title='bbox 1174 4225 1220 4274; x_wconf 80' lang='lat'>126</span> <span class='ocrx_word' id='word_1_439' title='bbox 1232 4229 1268 4277; x_wconf 88' lang='lat' dir='ltr'>ed.</span> <span class='ocrx_word' id='word_1_440' title='bbox 1280 4229 1357 4292; x_wconf 87' lang='lat' dir='ltr'>Dyce)</span> 
     </span>
     <span class='ocr_line' id='line_1_46' title="bbox 209 4291 1358 4354; baseline 0.006 -18"><span class='ocrx_word' id='word_1_441' title='bbox 209 4292 234 4337; x_wconf 90' lang='lat' dir='ltr'>in</span> <span class='ocrx_word' id='word_1_442' title='bbox 245 4291 322 4338; x_wconf 88' lang='lat' dir='ltr'>libello</span> <span class='ocrx_word' id='word_1_443' title='bbox 330 4291 366 4337; x_wconf 87' lang='lat' dir='ltr'>De</span> <span class='ocrx_word' id='word_1_444' title='bbox 376 4291 467 4340; x_wconf 82' lang='lat' dir='ltr'>Rerum</span> <span class='ocrx_word' id='word_1_445' title='bbox 475 4295 628 4340; x_wconf 72' lang='lat' dir='ltr'>quentas-um</span> <span class='ocrx_word' id='word_1_446' title='bbox 637 4293 789 4354; x_wconf 79' lang='lat' dir='ltr'>Scriptorr&#39;lms</span> <span class='ocrx_word' id='word_1_447' title='bbox 799 4293 894 4339; x_wconf 81' lang='lat' dir='ltr'>Graecis</span> <span class='ocrx_word' id='word_1_448' title='bbox 903 4293 1080 4354; x_wconf 82' lang='lat' dir='ltr'>christophorus</span> <span class='ocrx_word' id='word_1_449' title='bbox 1092 4291 1224 4346; x_wconf 79' lang='lat' dir='ltr'>Brusslrem.</span> <span class='ocrx_word' id='word_1_450' title='bbox 1232 4294 1358 4343; x_wconf 87' lang='lat' dir='ltr'>Simonides</span> 
     </span>
     <span class='ocr_line' id='line_1_47' title="bbox 211 4355 1358 4417; baseline 0.004 -14"><span class='ocrx_word' id='word_1_451' title='bbox 211 4356 280 4411; x_wconf 89' lang='lat' dir='ltr'>Ceus,</span> <span class='ocrx_word' id='word_1_452' title='bbox 300 4355 404 4417; x_wconf 86' lang='lat' dir='ltr'>Ephorus</span> <span class='ocrx_word' id='word_1_453' title='bbox 422 4358 548 4413; x_wconf 88' lang='lat' dir='ltr'>Cumanus,</span> <span class='ocrx_word' id='word_1_454' title='bbox 566 4358 707 4414; x_wconf 87' lang='lat' dir='ltr'>Aristoteles,</span> <span class='ocrx_word' id='word_1_455' title='bbox 727 4358 858 4406; x_wconf 87' lang='lat' dir='ltr'>Heraclides</span> <span class='ocrx_word' id='word_1_456' title='bbox 874 4358 991 4416; x_wconf 86' lang='lat' dir='ltr'>Ponticus,</span> <span class='ocrx_word' id='word_1_457' title='bbox 1010 4357 1190 4417; x_wconf 87' lang='lat' dir='ltr'>Theophrastus,</span> <span class='ocrx_word' id='word_1_458' title='bbox 1209 4358 1358 4408; x_wconf 86' lang='lat' dir='ltr'>Philochorus</span> 
     </span>
     <span class='ocr_line' id='line_1_48' title="bbox 212 4420 1358 4484; baseline 0.005 -17"><span class='ocrx_word' id='word_1_459' title='bbox 212 4420 364 4477; x_wconf 85' lang='lat' dir='ltr'>Atheniensis,</span> <span class='ocrx_word' id='word_1_460' title='bbox 373 4421 449 4478; x_wconf 80' lang='lat' dir='ltr'>Strato</span> <span class='ocrx_word' id='word_1_461' title='bbox 459 4425 634 4484; x_wconf 88' lang='lat' dir='ltr'>Lampsacenus,</span> <span class='ocrx_word' id='word_1_462' title='bbox 641 4424 723 4470; x_wconf 86' lang='lat' dir='ltr'>Scamo</span> <span class='ocrx_word' id='word_1_463' title='bbox 736 4424 898 4484; x_wconf 87' lang='lat' dir='ltr'>Mitylenaeus,</span> <span class='ocrx_word' id='word_1_464' title='bbox 908 4424 1058 4483; x_wconf 84' lang='lat' dir='ltr'>Antiphanes,</span> <span class='ocrx_word' id='word_1_465' title='bbox 1068 4423 1186 4484; x_wconf 83' lang='lat' dir='ltr'>Cydippus</span> <span class='ocrx_word' id='word_1_466' title='bbox 1198 4424 1358 4482; x_wconf 87' lang='lat' dir='ltr'>Mantinensis,</span> 
     </span>
     <span class='ocr_line' id='line_1_49' title="bbox 209 4486 1358 4553; baseline 0.005 -21"><span class='ocrx_word' id='word_1_467' title='bbox 209 4486 350 4534; x_wconf 85' lang='lat' dir='ltr'>Aristodemi</span> <span class='ocrx_word' id='word_1_468' title='bbox 366 4488 420 4544; x_wconf 89' lang='lat' dir='ltr'>duo,</span> <span class='ocrx_word' id='word_1_469' title='bbox 438 4489 545 4536; x_wconf 87' lang='lat' dir='ltr'>Clemens</span> <span class='ocrx_word' id='word_1_470' title='bbox 562 4490 742 4544; x_wconf 78' lang='lat' dir='ltr'>Alexandrinus:</span> <span class='ocrx_word' id='word_1_471' title='bbox 765 4490 846 4549; x_wconf 84' lang='lat' dir='ltr'>quibus</span> <span class='ocrx_word' id='word_1_472' title='bbox 862 4489 920 4535; x_wconf 86' lang='lat' dir='ltr'>adde</span> <span class='ocrx_word' id='word_1_473' title='bbox 935 4489 1054 4553; x_wconf 88' lang='lat' dir='ltr'>Hyginum</span> <span class='ocrx_word' id='word_1_474' title='bbox 1070 4488 1126 4537; x_wconf 89' lang='lat' dir='ltr'>Fab.</span> <span class='ocrx_word' id='word_1_475' title='bbox 1141 4497 1188 4551; x_wconf 84' lang='lat'>274</span> <span class='ocrx_word' id='word_1_476' title='bbox 1204 4497 1228 4536; x_wconf 91' lang='lat' dir='ltr'>et</span> <span class='ocrx_word' id='word_1_477' title='bbox 1247 4498 1301 4553; x_wconf 76' lang='lat'>277,</span> <span class='ocrx_word' id='word_1_478' title='bbox 1318 4492 1358 4552; x_wconf 90' lang='lat' dir='ltr'>qui</span> 
     </span>
     <span class='ocr_line' id='line_1_50' title="bbox 209 4552 940 4613; baseline 0.01 -16"><span class='ocrx_word' id='word_1_479' title='bbox 209 4566 238 4598; x_wconf 83' lang='lat' dir='ltr'>ex</span> <span class='ocrx_word' id='word_1_480' title='bbox 250 4552 278 4599; x_wconf 89' lang='lat' dir='ltr'>iis</span> <span class='ocrx_word' id='word_1_481' title='bbox 290 4567 347 4613; x_wconf 84' lang='lat' dir='ltr'>quoa</span> <span class='ocrx_word' id='word_1_482' title='bbox 358 4552 454 4601; x_wconf 89' lang='lat' dir='ltr'>Ouidius</span> <span class='ocrx_word' id='word_1_483' title='bbox 466 4556 604 4602; x_wconf 86' lang='lat' dir='ltr'>memorauit</span> <span class='ocrx_word' id='word_1_484' title='bbox 615 4569 687 4601; x_wconf 90' lang='lat' dir='ltr'>unum</span> <span class='ocrx_word' id='word_1_485' title='bbox 699 4555 815 4601; x_wconf 89' lang='lat' dir='ltr'>Perdicem</span> <span class='ocrx_word' id='word_1_486' title='bbox 827 4554 940 4604; x_wconf 89' lang='lat' dir='ltr'>nominat.</span> 
     </span>
    </p>
   </div>
   <div class='ocr_carea' id='block_1_6' title="bbox 0 0 1652 5214">
    <p class='ocr_par' dir='ltr' id='par_1_8' title="bbox 0 0 1652 5214">
     <span class='ocr_line' id='line_1_51' title="bbox 0 0 1652 5214; baseline 0 0"><span class='ocrx_word' id='word_1_487' title='bbox 0 0 1652 5214; x_wconf 95' lang='lat' dir='ltr'> </span> 
     </span>
    </p>
   </div>
  </div>
 </body>
</html>
